%% This BibTeX bibliography file was created using BibDesk.
%% https://bibdesk.sourceforge.io/

%% Created for Tian Tian at 2019-11-28 13:06:57 +0100 


%% Saved with string encoding Unicode (UTF-8) 



@article{Moss_1985_n_Eg,
	Author = {Moss, T. S.},
	Doi = {10.1002/pssb.2221310202},
	Issn = {1521-3951},
	Journal = {Phys. Status Solidi B},
	Number = 2,
	Pages = {415--427},
	Publisher = {Wiley-Blackwell},
	Title = {Relations between the Refractive Index and Energy Gap of Semiconductors},
	Url = {http://dx.doi.org/10.1002/pssb.2221310202},
	Volume = 131,
	Year = 1985,
	Bdsk-Url-1 = {http://dx.doi.org/10.1002/pssb.2221310202}}

@article{Nagahama_1985_BP_dielectric,
	Author = {Nagahama, Toshiya and Kobayashi, Michihiro and Akahama, Yuichi and Endo, Shoichi and Narita, Shin-ichiro},
	Doi = {10.1143/jpsj.54.2096},
	Issn = {1347-4073},
	Journal = {J. Phys. Soc. Jpn.},
	Number = 6,
	Pages = {2096--2099},
	Publisher = {Physical Society of Japan},
	Title = {Optical Determination of Dielectric Constant in Black Phosphorus},
	Url = {http://dx.doi.org/10.1143/JPSJ.54.2096},
	Volume = 54,
	Year = 1985,
	Bdsk-Url-1 = {http://dx.doi.org/10.1143/JPSJ.54.2096},
	Bdsk-Url-2 = {http://dx.doi.org/10.1143/jpsj.54.2096}}

@article{Olsen_2016_hydrogen,
	Author = {Olsen, Thomas and Latini, Simone and Rasmussen, Filip and Thygesen, Kristian S.},
	Doi = {10.1103/physrevlett.116.056401},
	Issn = {1079-7114},
	Journal = {Phys. Rev. Lett.},
	Number = 5,
	Pages = {056401},
	Publisher = {American Physical Society (APS)},
	Title = {Simple Screened Hydrogen Model of Excitons in Two-Dimensional Materials},
	Url = {http://dx.doi.org/10.1103/PhysRevLett.116.056401},
	Volume = 116,
	Year = 2016,
	Bdsk-Url-1 = {http://dx.doi.org/10.1103/PhysRevLett.116.056401},
	Bdsk-Url-2 = {http://dx.doi.org/10.1103/physrevlett.116.056401}}

@article{Jiang_2017_Eg_Eb,
	Author = {Jiang, Zeyu and Liu, Zhirong and Li, Yuanchang and Duan, Wenhui},
	Doi = {10.1103/physrevlett.118.266401},
	Issn = {1079-7114},
	Journal = {Phys. Rev. Lett.},
	Number = 26,
	Publisher = {American Physical Society (APS)},
	Title = {Scaling Universality between Band Gap and Exciton Binding Energy of Two-Dimensional Semiconductors},
	Url = {http://dx.doi.org/10.1103/PhysRevLett.118.266401},
	Volume = 118,
	Year = 2017,
	Bdsk-Url-1 = {http://dx.doi.org/10.1103/PhysRevLett.118.266401},
	Bdsk-Url-2 = {http://dx.doi.org/10.1103/physrevlett.118.266401}}

@article{Cudazzo_2010_screen2D,
	Author = {Cudazzo, Pierluigi and Attaccalite, Claudio and Tokatly, Ilya V. and Rubio, Angel},
	Doi = {10.1103/physrevlett.104.226804},
	Issn = {1079-7114},
	Journal = {Phys. Rev. Lett.},
	Number = 22,
	Pages = {226804},
	Publisher = {American Physical Society (APS)},
	Title = {Strong Charge-Transfer Excitonic Effects and the Bose-Einstein Exciton Condensate in Graphane},
	Url = {http://dx.doi.org/10.1103/PhysRevLett.104.226804},
	Volume = 104,
	Year = 2010,
	Bdsk-Url-1 = {http://dx.doi.org/10.1103/PhysRevLett.104.226804},
	Bdsk-Url-2 = {http://dx.doi.org/10.1103/physrevlett.104.226804}}

@article{Hueser_2013_2Dvs3D,
	Author = {H{\''{u}}ser, Falco and Olsen, Thomas and Thygesen, Kristian S.},
	Doi = {10.1103/physrevb.88.245309},
	Issn = {1550-235X},
	Journal = {Phys. Rev. B},
	Number = 24,
	Pages = {245309},
	Publisher = {American Physical Society (APS)},
	Title = {How dielectric screening in two-dimensional crystals affects the convergence of excited-state calculations: Monolayer MoS$_{2}$},
	Url = {http://dx.doi.org/10.1103/PhysRevB.88.245309},
	Volume = 88,
	Year = 2013,
	Bdsk-Url-1 = {http://dx.doi.org/10.1103/PhysRevB.88.245309},
	Bdsk-Url-2 = {http://dx.doi.org/10.1103/physrevb.88.245309}}

@article{Thygesen_2017_exciton,
	Author = {Thygesen, Kristian Sommer},
	Doi = {10.1088/2053-1583/aa6432},
	Issn = {2053-1583},
	Journal = {2D Mater.},
	Number = 2,
	Pages = 022004,
	Publisher = {IOP Publishing},
	Title = {Calculating excitons, plasmons, and quasiparticles in 2D materials and van der Waals heterostructures},
	Url = {http://dx.doi.org/10.1088/2053-1583/aa6432},
	Volume = 4,
	Year = 2017,
	Bdsk-Url-1 = {http://dx.doi.org/10.1088/2053-1583/aa6432}}

@article{Cudazzo_2011_screening_2D,
	Author = {Cudazzo, Pierluigi and Tokatly, Ilya V. and Rubio, Angel},
	Doi = {10.1103/physrevb.84.085406},
	Issn = {1550-235X},
	Journal = {Phys. Rev. B},
	Number = 8,
	Pages = {085406},
	Publisher = {American Physical Society (APS)},
	Title = {Dielectric screening in two-dimensional insulators: Implications for excitonic and impurity states in graphane},
	Url = {http://dx.doi.org/10.1103/PhysRevB.84.085406},
	Volume = 84,
	Year = 2011,
	Bdsk-Url-1 = {http://dx.doi.org/10.1103/PhysRevB.84.085406},
	Bdsk-Url-2 = {http://dx.doi.org/10.1103/physrevb.84.085406}}

@book{haug_quantumBook_2009,
	Author = {Haug, Hartmut and Koch, Stephan W.},
	File = {Snapshot:/Users/tiantian/Documents/zotero/storage/7XQT9T8W/books.html:text/html},
	Publisher = {World Scientific Publishing Co Inc},
	Title = {Quantum theory of the optical and electronic properties of semiconductors},
	Url = {https://books.google.co.uk/books?hl=en&lr=&id=1J1IDQAAQBAJ&oi=fnd&pg=PR5&dq=Quantum+Theory+of+the+Optical+and+Electronic+Properties+of+Semiconductors&ots=kLA3lrGyCA&sig=HibBfPhPwl5KScFqBJFZuyJO3oY},
	Year = {2009},
	Bdsk-Url-1 = {https://books.google.co.uk/books?hl=en&lr=&id=1J1IDQAAQBAJ&oi=fnd&pg=PR5&dq=Quantum+Theory+of+the+Optical+and+Electronic+Properties+of+Semiconductors&ots=kLA3lrGyCA&sig=HibBfPhPwl5KScFqBJFZuyJO3oY}}

@article{Kim_1992_JDOS,
	Author = {Kim, Charles C. and Garland, J. W. and Abad, H. and Raccah, P. M.},
	Doi = {10.1103/physrevb.45.11749},
	Issn = {1095-3795},
	Journal = {Phys. Rev. B},
	Number = 20,
	Pages = {11749--11767},
	Publisher = {American Physical Society (APS)},
	Title = {Modeling the optical dielectric function of semiconductors: Extension of the critical-point parabolic-band approximation},
	Url = {http://dx.doi.org/10.1103/PhysRevB.45.11749},
	Volume = 45,
	Year = 1992,
	Bdsk-Url-1 = {http://dx.doi.org/10.1103/PhysRevB.45.11749},
	Bdsk-Url-2 = {http://dx.doi.org/10.1103/physrevb.45.11749}}

@book{ha_2011_introBook,
	Author = {Ha, Nguyen Bich},
	File = {9780815344247_ch09.pdf:/Users/tiantian/Documents/zotero/storage/DS6NB3VQ/9780815344247_ch09.pdf:application/pdf;Snapshot:/Users/tiantian/Documents/zotero/storage/X8RSKH8I/meta.html:text/html},
	Publisher = {IOP Publishing},
	Shorttitle = {Introductory {Nanoscience}},
	Title = {Introductory {Nanoscience}: {Physical} and {Chemical} {Concepts}},
	Url = {http://iopscience.iop.org/article/10.1088/2043-6254/2/4/049301/meta},
	Year = {2011},
	Bdsk-Url-1 = {http://iopscience.iop.org/article/10.1088/2043-6254/2/4/049301/meta}}

@article{Adachi_1987_dielGaP,
	Author = {Adachi, Sadao},
	Doi = {10.1103/physrevb.35.7454},
	Issn = {0163-1829},
	Journal = {Phys. Rev. B},
	Number = 14,
	Pages = {7454--7463},
	Publisher = {American Physical Society (APS)},
	Title = {Model dielectric constants of GaP, GaAs, GaSb, InP, InAs, and InSb},
	Url = {http://dx.doi.org/10.1103/PhysRevB.35.7454},
	Volume = 35,
	Year = 1987,
	Bdsk-Url-1 = {http://dx.doi.org/10.1103/PhysRevB.35.7454},
	Bdsk-Url-2 = {http://dx.doi.org/10.1103/physrevb.35.7454}}

@article{Wang_1994_dielSiQD,
	Author = {Wang, Lin-Wang and Zunger, Alex},
	Doi = {10.1103/physrevlett.73.1039},
	Issn = {0031-9007},
	Journal = {Phys. Rev. Lett.},
	Number = 7,
	Pages = {1039--1042},
	Publisher = {American Physical Society (APS)},
	Title = {Dielectric Constants of Silicon Quantum Dots},
	Url = {http://dx.doi.org/10.1103/PhysRevLett.73.1039},
	Volume = 73,
	Year = 1994,
	Bdsk-Url-1 = {http://dx.doi.org/10.1103/PhysRevLett.73.1039},
	Bdsk-Url-2 = {http://dx.doi.org/10.1103/physrevlett.73.1039}}

@article{Penn_1962_model,
	Author = {Penn, David R.},
	Doi = {10.1103/physrev.128.2093},
	Issn = {0031-899X},
	Journal = {Phys. Rev.},
	Number = 5,
	Pages = {2093--2097},
	Publisher = {American Physical Society (APS)},
	Title = {Wave-Number-Dependent Dielectric Function of Semiconductors},
	Url = {http://dx.doi.org/10.1103/PhysRev.128.2093},
	Volume = 128,
	Year = 1962,
	Bdsk-Url-1 = {http://dx.doi.org/10.1103/PhysRev.128.2093},
	Bdsk-Url-2 = {http://dx.doi.org/10.1103/physrev.128.2093}}

@book{Slyom_2008_fundBook,
	Author = {Slyom, J.},
	File = {9783642045172-c1.pdf:/Users/tiantian/Documents/zotero/storage/B6GFFX77/9783642045172-c1.pdf:application/pdf},
	Publisher = {Springer},
	Title = {Fundamentals of the {Physics} of {Solids}},
	Year = {2008}}

@article{Nazarov_2015_2D_3D,
	Author = {Nazarov, V U},
	Doi = {10.1088/1367-2630/17/7/073018},
	Issn = {1367-2630},
	Journal = {New J. Phys.},
	Number = 7,
	Pages = 073018,
	Publisher = {IOP Publishing},
	Title = {Electronic excitations in quasi-2D crystals: what theoretical quantities are relevant to experiment?},
	Url = {http://dx.doi.org/10.1088/1367-2630/17/7/073018},
	Volume = 17,
	Year = 2015,
	Bdsk-Url-1 = {http://dx.doi.org/10.1088/1367-2630/17/7/073018}}

@book{Dressel_2001_electrodynamics,
	Author = {Dressel, Martin and Gruner, George},
	Publisher = {Cambridge University Press},
	Title = {Electrodynamics of solids: optical properties of electrons in matter},
	Year = {2001}}

@article{Trolle_2017_eps_subst,
	Author = {Trolle, Mads L. and Pedersen, Thomas G. and V{\'e}niard, Valerie},
	Doi = {10.1038/srep39844},
	Issn = {2045-2322},
	Journal = {Sci. Rep.},
	Pages = 39844,
	Publisher = {Springer Nature},
	Title = {Model dielectric function for 2D semiconductors including substrate screening},
	Url = {http://dx.doi.org/10.1038/srep39844},
	Volume = 7,
	Year = 2017,
	Bdsk-Url-1 = {http://dx.doi.org/10.1038/srep39844}}

@article{Dell_Anna_2016_claussiusMossotti,
	Author = {Dell'Anna, Luca and Merano, Michele},
	Doi = {10.1103/physreva.93.053808},
	Issn = {2469-9934},
	Journal = {Phys. Rev. A},
	Number = 5,
	Publisher = {American Physical Society (APS)},
	Title = {Clausius-Mossotti Lorentz-Lorenz relations and retardation effects for two-dimensional crystals},
	Url = {http://dx.doi.org/10.1103/PhysRevA.93.053808},
	Volume = 93,
	Year = 2016,
	Bdsk-Url-1 = {http://dx.doi.org/10.1103/PhysRevA.93.053808},
	Bdsk-Url-2 = {http://dx.doi.org/10.1103/physreva.93.053808}}

@article{Cabrera_2016_JDOS_lowD,
	Author = {Cabrera, C.I. and Contreras-Solorio, D.A. and Hern{\'a}ndez, L.},
	Doi = {10.1016/j.physe.2015.10.013},
	Issn = {1386-9477},
	Journal = {Physica E Low Dimens. Syst. Nanostruct.},
	Pages = {103--108},
	Publisher = {Elsevier BV},
	Title = {Joint density of states in low dimensional semiconductors},
	Url = {http://dx.doi.org/10.1016/j.physe.2015.10.013},
	Volume = 76,
	Year = 2016,
	Bdsk-Url-1 = {http://dx.doi.org/10.1016/j.physe.2015.10.013}}

@article{Moss_1950_relation,
	Author = {Moss, T. S.},
	Doi = {10.1088/0370-1301/63/3/302},
	File = {IOP Full Text PDF:/Users/tiantian/Documents/zotero/storage/CG59TFA9/Moss - 1950 - A Relationship between the Refractive Index and th.pdf:application/pdf},
	Issn = {0370-1301},
	Journal = {Proc. Phys. Soc. B},
	Language = {en},
	Number = {3},
	Pages = {167},
	Title = {A {Relationship} between the {Refractive} {Index} and the {Infra}-{Red} {Threshold} of {Sensitivity} for {Photoconductors}},
	Url = {http://stacks.iop.org/0370-1301/63/i=3/a=302},
	Volume = {63},
	Year = {1950},
	Bdsk-Url-1 = {http://stacks.iop.org/0370-1301/63/i=3/a=302},
	Bdsk-Url-2 = {https://doi.org/10.1088/0370-1301/63/3/302}}

@article{Brust_1962_CP,
	Abstract = {DOI:https://doi.org/10.1103/PhysRevLett.9.94},
	Author = {Brust, D. and Phillips, J. C. and Bassani, F.},
	Doi = {10.1103/PhysRevLett.9.94},
	Journal = {Phys. Rev. Lett.},
	Number = {3},
	Pages = {94--97},
	Title = {Critical {Points} and {Ultraviolet} {Reflectivity} of {Semiconductors}},
	Url = {https://link.aps.org/doi/10.1103/PhysRevLett.9.94},
	Volume = {9},
	Year = {1962},
	Bdsk-Url-1 = {https://link.aps.org/doi/10.1103/PhysRevLett.9.94},
	Bdsk-Url-2 = {https://doi.org/10.1103/PhysRevLett.9.94}}

@article{Wang_1994_dielect_QD,
	Author = {Wang, Lin-Wang and Zunger, Alex},
	Doi = {10.1103/PhysRevLett.73.1039},
	Journal = {Phys. Rev. Lett.},
	Number = {7},
	Pages = {1039--1042},
	Title = {Dielectric {Constants} of {Silicon} {Quantum} {Dots}},
	Url = {https://link.aps.org/doi/10.1103/PhysRevLett.73.1039},
	Volume = {73},
	Year = {1994},
	Bdsk-Url-1 = {https://link.aps.org/doi/10.1103/PhysRevLett.73.1039},
	Bdsk-Url-2 = {https://doi.org/10.1103/PhysRevLett.73.1039}}

@book{Bennett_1971_EDOS,
	Author = {Bennett, Lawrence Herman},
	Language = {en},
	Publisher = {U.S. National Bureau of Standards},
	Shorttitle = {Electronic {Density} of {States}},
	Title = {Electronic {Density} of {States}: {Based} on {Invited} and {Contributed} {Papers} and {Discussion}},
	Year = {1971}}

@article{Ravindra_2007_Eg_rev,
	Author = {Ravindra, N. M. and Ganapathy, Preethi and Choi, Jinsoo},
	Doi = {10.1016/j.infrared.2006.04.001},
	Issn = {1350-4495},
	Journal = {Infrared Phys. Technol.},
	Number = {1},
	Pages = {21--29},
	Title = {Energy gap--refractive index relations in semiconductors -- {An} overview},
	Url = {http://www.sciencedirect.com/science/article/pii/S135044950600048X},
	Volume = {50},
	Year = {2007},
	Bdsk-Url-1 = {http://www.sciencedirect.com/science/article/pii/S135044950600048X},
	Bdsk-Url-2 = {https://doi.org/10.1016/j.infrared.2006.04.001}}

@article{Fang_2013_quant_abs,
	Author = {Fang, Hui and Bechtel, Hans A. and Plis, Elena and Martin, Michael C. and Krishna, Sanjay and Yablonovitch, Eli and Javey, Ali},
	Doi = {10.1073/pnas.1309563110},
	Issn = {0027-8424},
	Journal = {Proc. Natl. Acad. Sci.},
	Number = {29},
	Pages = {11688--11691},
	Pmcid = {PMC3718172},
	Pmid = {23818622},
	Title = {Quantum of optical absorption in two-dimensional semiconductors},
	Url = {http://www.ncbi.nlm.nih.gov/pmc/articles/PMC3718172/},
	Volume = {110},
	Year = {2013},
	Bdsk-Url-1 = {http://www.ncbi.nlm.nih.gov/pmc/articles/PMC3718172/},
	Bdsk-Url-2 = {https://doi.org/10.1073/pnas.1309563110}}

@article{Lehmann_1972_numerical_DOS,
	Author = {Lehmann, G. and Taut, M.},
	Doi = {10.1002/pssb.2220540211},
	Issn = {1521-3951},
	Journal = {Phys. Status Solidi B},
	Language = {en},
	Number = {2},
	Pages = {469--477},
	Title = {On the {Numerical} {Calculation} of the {Density} of {States} and {Related} {Properties}},
	Url = {http://onlinelibrary.wiley.com/doi/10.1002/pssb.2220540211/abstract},
	Volume = {54},
	Year = {1972},
	Bdsk-Url-1 = {http://onlinelibrary.wiley.com/doi/10.1002/pssb.2220540211/abstract},
	Bdsk-Url-2 = {https://doi.org/10.1002/pssb.2220540211}}

@article{Ando_1982_electron_2D,
	Author = {Ando, Tsuneya and Fowler, Alan B. and Stern, Frank},
	Doi = {10.1103/RevModPhys.54.437},
	Journal = {Rev. Mod. Phys.},
	Number = {2},
	Pages = {437--672},
	Title = {Electronic properties of two-dimensional systems},
	Url = {https://link.aps.org/doi/10.1103/RevModPhys.54.437},
	Volume = {54},
	Year = {1982},
	Bdsk-Url-1 = {https://link.aps.org/doi/10.1103/RevModPhys.54.437},
	Bdsk-Url-2 = {https://doi.org/10.1103/RevModPhys.54.437}}

@article{Kim_1992_CP,
	Author = {Kim, Charles C. and Garland, J. W. and Abad, H. and Raccah, P. M.},
	Doi = {10.1103/PhysRevB.45.11749},
	Journal = {Phys. Rev. B},
	Number = {20},
	Pages = {11749--11767},
	Shorttitle = {Modeling the optical dielectric function of semiconductors},
	Title = {Modeling the optical dielectric function of semiconductors: {Extension} of the critical-point parabolic-band approximation},
	Url = {https://link.aps.org/doi/10.1103/PhysRevB.45.11749},
	Volume = {45},
	Year = {1992},
	Bdsk-Url-1 = {https://link.aps.org/doi/10.1103/PhysRevB.45.11749},
	Bdsk-Url-2 = {https://doi.org/10.1103/PhysRevB.45.11749}}

@article{Cappellini_1993_model_perm,
	Abstract = {We present a model for the dielectric function of semiconductors. It has been tested successfully for Si, Ge, GaAs, and ZnSe. In conjunction with the single plasmon-pole approximation it yields plasmon-energy dispersions in fair agreement with experiments. It allows one, moreover, to deduce an analytical expression for the Coulomb-hole part of the static self-energy operator.},
	Author = {Cappellini, G. and Del Sole, R. and Reining, Lucia and Bechstedt, F.},
	Doi = {10.1103/PhysRevB.47.9892},
	Journal = {Phys. Rev. B},
	Number = {15},
	Pages = {9892--9895},
	Title = {Model dielectric function for semiconductors},
	Url = {https://link.aps.org/doi/10.1103/PhysRevB.47.9892},
	Volume = {47},
	Year = {1993},
	Bdsk-Url-1 = {https://link.aps.org/doi/10.1103/PhysRevB.47.9892},
	Bdsk-Url-2 = {https://doi.org/10.1103/PhysRevB.47.9892}}

@article{Andersen_2015_dielec_vdWH,
	Author = {Andersen, Kirsten and Latini, Simone and Thygesen, Kristian S.},
	Doi = {10.1021/acs.nanolett.5b01251},
	Issn = {1530-6984},
	Journal = {Nano Lett.},
	Number = {7},
	Pages = {4616--4621},
	Title = {Dielectric {Genome} of van der {Waals} {Heterostructures}},
	Url = {http://dx.doi.org/10.1021/acs.nanolett.5b01251},
	Volume = {15},
	Year = {2015},
	Bdsk-Url-1 = {http://dx.doi.org/10.1021/acs.nanolett.5b01251}}

@article{Stern_1967_polarizability_2DEG,
	Abstract = {The response of a two-dimensional electron gas to a longitudinal electric field of arbitrary wave vector and frequency is calculated in the self-consistent-field approximation. The results are used to find the asymptotic screened Coulomb potential and the plasmon dispersion for a plane of electrons imbedded in a three-dimensional dielectric.},
	Author = {Stern, Frank},
	Doi = {10.1103/PhysRevLett.18.546},
	Journal = {Phys. Rev. Lett.},
	Number = {14},
	Pages = {546--548},
	Title = {Polarizability of a {Two}-{Dimensional} {Electron} {Gas}},
	Url = {https://link.aps.org/doi/10.1103/PhysRevLett.18.546},
	Volume = {18},
	Year = {1967},
	Bdsk-Url-1 = {https://link.aps.org/doi/10.1103/PhysRevLett.18.546},
	Bdsk-Url-2 = {https://doi.org/10.1103/PhysRevLett.18.546}}

@article{Ravindra_1980_model,
	Author = {Ravindra, N. M. and Srivastava, V. K.},
	Doi = {10.1016/0020-0891(80)90009-3},
	File = {ScienceDirect Snapshot:/Users/tiantian/Documents/zotero/storage/XMP43VUH/0020089180900093.html:text/html},
	Issn = {0020-0891},
	Journal = {Infrared Phys.},
	Number = {1},
	Pages = {67--69},
	Title = {Electronic polarizability as a function of the penn gap in semiconductors},
	Url = {http://www.sciencedirect.com/science/article/pii/0020089180900093},
	Volume = {20},
	Year = {1980},
	Bdsk-Url-1 = {http://www.sciencedirect.com/science/article/pii/0020089180900093},
	Bdsk-Url-2 = {https://doi.org/10.1016/0020-0891(80)90009-3}}

@article{Grimes_1975_model,
	Author = {Grimes, R. D. and Cowley, E. R.},
	Doi = {10.1139/p75-311},
	Issn = {0008-4204},
	Journal = {Can. J. Phys.},
	Number = {23},
	Pages = {2549--2554},
	Title = {A {Model} {Dielectric} {Function} for {Semiconductors}},
	Url = {http://www.nrcresearchpress.com/doi/abs/10.1139/p75-311},
	Volume = {53},
	Year = {1975},
	Bdsk-Url-1 = {http://www.nrcresearchpress.com/doi/abs/10.1139/p75-311},
	Bdsk-Url-2 = {https://doi.org/10.1139/p75-311}}

@article{Rohlfing_1993_QP_BS,
	Author = {Rohlfing, Michael and Kr{\"u}ger, Peter and Pollmann, Johannes},
	Doi = {10.1103/PhysRevB.48.17791},
	Journal = {Phys. Rev. B},
	Number = {24},
	Pages = {17791--17805},
	Title = {Quasiparticle band-structure calculations for {C}, {Si}, {Ge}, {GaAs}, and {SiC} using {Gaussian}-orbital basis sets},
	Url = {https://link.aps.org/doi/10.1103/PhysRevB.48.17791},
	Volume = {48},
	Year = {1993},
	Bdsk-Url-1 = {https://link.aps.org/doi/10.1103/PhysRevB.48.17791},
	Bdsk-Url-2 = {https://doi.org/10.1103/PhysRevB.48.17791}}

@book{Ha_2011_introductry,
	Author = {Ha, Nguyen Bich},
	Publisher = {IOP Publishing},
	Shorttitle = {Introductory {Nanoscience}},
	Title = {Introductory {Nanoscience}: {Physical} and {Chemical} {Concepts}},
	Url = {http://iopscience.iop.org/article/10.1088/2043-6254/2/4/049301/meta},
	Year = {2011},
	Bdsk-Url-1 = {http://iopscience.iop.org/article/10.1088/2043-6254/2/4/049301/meta}}

@article{Mihaila_2011_lindhard_nD,
	Author = {Mihaila, Bogdan},
	Journal = {arXiv preprint arXiv:1111.5337},
	Title = {Lindhard function of a d-dimensional {Fermi} gas},
	Url = {https://arxiv.org/abs/1111.5337},
	Year = {2011},
	Bdsk-Url-1 = {https://arxiv.org/abs/1111.5337}}

@article{Keldysh_1979_eps_multi,
	Abstract = {Not Available},
	Author = {Keldysh, L. V.},
	File = {article_22207.pdf:/Users/tiantian/Documents/zotero/storage/IK4QDC7H/article_22207.pdf:application/pdf},
	Issn = {0021-3640},
	Journal = {Sov. Phys. JETP},
	Pages = {658},
	Title = {Coulomb interaction in thin semiconductor and semimetal films},
	Url = {http://adsabs.harvard.edu/abs/1979JETPL..29..658K},
	Volume = {29},
	Year = {1979},
	Bdsk-Url-1 = {http://adsabs.harvard.edu/abs/1979JETPL..29..658K}}

@article{Low_2014_screening_BP,
	Author = {Low, Tony and Rold{\'a}n, Rafael and Wang, Han and Xia, Fengnian and Avouris, Phaedon and Moreno, Luis Mart{\'\i}n and Guinea, Francisco},
	Doi = {10.1103/PhysRevLett.113.106802},
	File = {APS Snapshot:/Users/tiantian/Documents/zotero/storage/DMBG75RQ/PhysRevLett.113.html:text/html;PhysRevLett.113.106802.pdf:/Users/tiantian/Documents/zotero/storage/H4PZDP3N/PhysRevLett.113.106802.pdf:application/pdf},
	Journal = {Phys. Rev. Lett.},
	Number = {10},
	Pages = {106802},
	Title = {Plasmons and {Screening} in {Monolayer} and {Multilayer} {Black} {Phosphorus}},
	Url = {https://link.aps.org/doi/10.1103/PhysRevLett.113.106802},
	Volume = {113},
	Year = {2014},
	Bdsk-Url-1 = {https://link.aps.org/doi/10.1103/PhysRevLett.113.106802},
	Bdsk-Url-2 = {https://doi.org/10.1103/PhysRevLett.113.106802}}

@article{Young_1973_static_eps,
	Author = {Young, K. F. and Frederikse, H. P. R.},
	Doi = {10.1063/1.3253121},
	Issn = {0047-2689},
	Journal = {J. Phys. Chem. Ref. Data},
	Number = {2},
	Pages = {313--410},
	Title = {Compilation of the {Static} {Dielectric} {Constant} of {Inorganic} {Solids}},
	Url = {http://aip.scitation.org/doi/abs/10.1063/1.3253121},
	Volume = {2},
	Year = {1973},
	Bdsk-Url-1 = {http://aip.scitation.org/doi/abs/10.1063/1.3253121},
	Bdsk-Url-2 = {https://doi.org/10.1063/1.3253121}}

@article{Srivastava_1985_WS2,
	Author = {Srivastava, S. K. and Avasthi, B. N.},
	Doi = {10.1007/BF00552369},
	Issn = {0022-2461, 1573-4803},
	Journal = {J. Mater. Sci.},
	Language = {en},
	Number = {11},
	Pages = {3801--3815},
	Shorttitle = {Layer type tungsten dichalcogenide compounds},
	Title = {Layer type tungsten dichalcogenide compounds: their preparation, structure, properties and uses},
	Url = {https://link.springer.com/article/10.1007/BF00552369},
	Urldate = {2017-07-22},
	Volume = {20},
	Year = {1985},
	Bdsk-Url-1 = {https://link.springer.com/article/10.1007/BF00552369},
	Bdsk-Url-2 = {https://doi.org/10.1007/BF00552369}}

@article{Herv_1994_general_model,
	Author = {Herv{\'e}, P. and Vandamme, L.K.J.},
	Doi = {10.1016/1350-4495(94)90026-4},
	Issn = {1350-4495},
	Journal = {Infrared Phys. Technol.},
	Number = 4,
	Pages = {609--615},
	Publisher = {Elsevier BV},
	Title = {General relation between refractive index and energy gap in semiconductors},
	Url = {http://dx.doi.org/10.1016/1350-4495(94)90026-4},
	Volume = 35,
	Year = 1994,
	Bdsk-Url-1 = {http://dx.doi.org/10.1016/1350-4495(94)90026-4}}

@article{Ravindra_1979_eps_Eg,
	Author = {Ravindra, NM and Srivastava, VK},
	Journal = {Infrared Phys.},
	Number = {5},
	Pages = {603--604},
	Publisher = {Pergamon},
	Title = {Variation of refractive index with energy gap in semiconductors},
	Volume = {19},
	Year = {1979}}

@article{Arnaud_2006_exc_hBN,
	Author = {Arnaud, B. and Leb{\`e}gue, S. and Rabiller, P. and Alouani, M.},
	Doi = {10.1103/PhysRevLett.96.026402},
	File = {APS Snapshot:/Users/tiantian/Documents/zotero/storage/NTGGNI88/PhysRevLett.96.html:text/html;PhysRevLett.96.026402.pdf:/Users/tiantian/Documents/zotero/storage/W3W5T67I/PhysRevLett.96.026402.pdf:application/pdf},
	Journal = {Phys. Rev. Lett.},
	Number = {2},
	Pages = {026402},
	Title = {Huge {Excitonic} {Effects} in {Layered} {Hexagonal} {Boron} {Nitride}},
	Url = {https://link.aps.org/doi/10.1103/PhysRevLett.96.026402},
	Volume = {96},
	Year = {2006},
	Bdsk-Url-1 = {https://link.aps.org/doi/10.1103/PhysRevLett.96.026402},
	Bdsk-Url-2 = {https://doi.org/10.1103/PhysRevLett.96.026402}}

@article{Gajdos_2006_opt_PAW,
	Author = {Gajdo{\v s}, M. and Hummer, K. and Kresse, G. and Furthm{\"u}ller, J. and Bechstedt, F.},
	Doi = {10.1103/PhysRevB.73.045112},
	Journal = {Phys. Rev. B},
	Number = {4},
	Pages = {045112},
	Title = {Linear optical properties in the projector-augmented wave methodology},
	Url = {https://link.aps.org/doi/10.1103/PhysRevB.73.045112},
	Volume = {73},
	Year = {2006},
	Bdsk-Url-1 = {https://link.aps.org/doi/10.1103/PhysRevB.73.045112},
	Bdsk-Url-2 = {https://doi.org/10.1103/PhysRevB.73.045112}}

@article{rohlfing_electron-hole_2000,
	Abstract = {We present a recently developed approach to calculate electron-hole excitations and the optical spectra of condensed matter from first principles. The key concept is to describe the excitations of the electronic system by the corresponding one- and two-particle Green's function. The method combines three computational techniques. First, the electronic ground state is treated within density-functional theory. Second, the single-particle spectrum of the electrons and holes is obtained within the GW approximation to the electron self-energy operator. Finally, the electron-hole interaction is calculated and a Bethe-Salpeter equation is solved, yielding the coupled electron-hole excitations. The resulting solutions allow the calculation of the entire optical spectrum. This holds both for bound excitonic states below the band gap, as well as for the resonant spectrum above the band gap. We discuss a number of technical developments needed for the application of the method to real systems. To illustrate the approach, we discuss the excitations and optical spectra of spatially isolated systems (atoms, molecules, and semiconductor clusters) and of extended, periodic crystals (semiconductors and insulators).},
	Author = {Rohlfing, Michael and Louie, Steven G.},
	Doi = {10.1103/PhysRevB.62.4927},
	File = {APS Snapshot:/Users/tiantian/Documents/zotero/storage/75TU2XQE/PhysRevB.62.html:text/html;Full Text PDF:/Users/tiantian/Documents/zotero/storage/ZKMW46IB/Rohlfing 和 Louie - 2000 - Electron-hole excitations and optical spectra from.pdf:application/pdf;PhysRevB.62.4927.pdf:/Users/tiantian/Documents/zotero/storage/VT4X5T8Q/PhysRevB.62.4927.pdf:application/pdf},
	Journal = {Phys. Rev. B},
	Number = {8},
	Pages = {4927--4944},
	Title = {Electron-hole excitations and optical spectra from first principles},
	Url = {https://link.aps.org/doi/10.1103/PhysRevB.62.4927},
	Volume = {62},
	Year = {2000},
	Bdsk-Url-1 = {https://link.aps.org/doi/10.1103/PhysRevB.62.4927},
	Bdsk-Url-2 = {https://doi.org/10.1103/PhysRevB.62.4927}}

@article{yang_excitonic_2009,
	Abstract = {We present first-principles calculations of many-electron effects on the optical response of graphene, bilayer graphene, and graphite employing the GW-Bethe Salpeter equation approach. We find that resonant excitons are formed in these two-dimensional semimetals. The resonant excitons give rise to a prominent peak in the absorption spectrum near 4.5 eV with a different line shape and significantly redshifted peak position from those of an absorption peak arising from interband transitions in an independent quasiparticle picture. In the infrared regime, our calculated optical absorbance per graphene layer is approximately a constant, 2.4\%, in agreement with recent experiments; additional low frequency features are found for bilayer graphene because of band structure effects.},
	Author = {Yang, Li and Deslippe, Jack and Park, Cheol-Hwan and Cohen, Marvin L. and Louie, Steven G.},
	Doi = {10.1103/PhysRevLett.103.186802},
	File = {APS Snapshot:/Users/tiantian/Documents/zotero/storage/443RERBQ/PhysRevLett.103.html:text/html;Full Text PDF:/Users/tiantian/Documents/zotero/storage/NKQ5ZTBN/Yang 等. - 2009 - Excitonic Effects on the Optical Response of Graph.pdf:application/pdf},
	Journal = {Phys. Rev. Lett.},
	Number = {18},
	Pages = {186802},
	Title = {Excitonic {Effects} on the {Optical} {Response} of {Graphene} and {Bilayer} {Graphene}},
	Url = {https://link.aps.org/doi/10.1103/PhysRevLett.103.186802},
	Volume = {103},
	Year = {2009},
	Bdsk-Url-1 = {https://link.aps.org/doi/10.1103/PhysRevLett.103.186802},
	Bdsk-Url-2 = {https://doi.org/10.1103/PhysRevLett.103.186802}}

@article{Rohlfing_1998_excitation,
	Abstract = {We present a new ab initio approach to calculate the interaction between electrons and holes in periodic crystals and to evaluate the resulting coupled electron-hole excitations. This involves a novel interpolation scheme in reciprocal space in solving the Bethe-Salpeter equation for the two-particle Green's function. We apply this approach to the calculation of the entire optical absorption spectrum, as well as of the energies and wave functions of bound exciton states in GaAs and LiF. Very good agreement with experiment is observed.},
	Author = {Rohlfing, Michael and Louie, Steven G.},
	Doi = {10.1103/PhysRevLett.81.2312},
	File = {APS Snapshot:/Users/tiantian/Documents/zotero/storage/WADP6TN4/PhysRevLett.81.html:text/html;Full Text PDF:/Users/tiantian/Documents/zotero/storage/VGPM5UZM/Rohlfing 和 Louie - 1998 - Electron-Hole Excitations in Semiconductors and In.pdf:application/pdf},
	Journal = {Phys. Rev. Lett.},
	Number = {11},
	Pages = {2312--2315},
	Title = {Electron-{Hole} {Excitations} in {Semiconductors} and {Insulators}},
	Url = {https://link.aps.org/doi/10.1103/PhysRevLett.81.2312},
	Volume = {81},
	Year = {1998},
	Bdsk-Url-1 = {https://link.aps.org/doi/10.1103/PhysRevLett.81.2312},
	Bdsk-Url-2 = {https://doi.org/10.1103/PhysRevLett.81.2312}}

@article{Wirtz_2006_ext_hBN_nD,
	Abstract = {We show that the optical absorption spectra of boron nitride (BN) nanotubes are dominated by strongly bound excitons. Our first-principles calculations indicate that the binding energy for the first and dominant excitonic peak depends sensitively on the dimensionality of the system, varying from 0.7 eV in bulk hexagonal BN via 2.1 eV in the single sheet of BN to more than 3 eV in the hypothetical (2,2) tube. The strongly localized nature of this exciton dictates the fast convergence of its binding energy with increasing tube diameter towards the sheet value. The absolute position of the first excitonic peak is almost independent of the tube radius and system dimensionality. This provides an explanation for the observed ``optical gap'' constancy for different tubes and bulk hexagonal BN.},
	Author = {Wirtz, Ludger and Marini, Andrea and Rubio, Angel},
	Doi = {10.1103/PhysRevLett.96.126104},
	Journal = {Phys. Rev. Lett.},
	Number = {12},
	Pages = {126104},
	Shorttitle = {Excitons in {Boron} {Nitride} {Nanotubes}},
	Title = {Excitons in {Boron} {Nitride} {Nanotubes}: {Dimensionality} {Effects}},
	Url = {https://link.aps.org/doi/10.1103/PhysRevLett.96.126104},
	Volume = {96},
	Year = {2006},
	Bdsk-Url-1 = {https://link.aps.org/doi/10.1103/PhysRevLett.96.126104},
	Bdsk-Url-2 = {https://doi.org/10.1103/PhysRevLett.96.126104}}

@book{Quinn_solid_2009,
	Author = {Quinn, John J. and Yi, Kyung-Soo},
	Publisher = {Springer Science \& Business Media},
	Shorttitle = {Solid state physics},
	Title = {Solid state physics: principles and modern applications},
	Url = {https://books.google.com/books?hl=zh-CN&lr=&id=pf5DAAAAQBAJ&oi=fnd&pg=PA2&ots=qEA2UD3Tin&sig=IbYFGKKNlAJRep3Uqxdg3lvSAyM},
	Year = {2009},
	Bdsk-Url-1 = {https://books.google.com/books?hl=zh-CN&lr=&id=pf5DAAAAQBAJ&oi=fnd&pg=PA2&ots=qEA2UD3Tin&sig=IbYFGKKNlAJRep3Uqxdg3lvSAyM}}

@article{Zhang_comment_2017,
	Abstract = {DOI:https://doi.org/10.1103/PhysRevLett.118.209701},
	Author = {Zhang, Mingliang and Huang, Ling-Yi and Zhang, Xu and Lu, Gang},
	Doi = {10.1103/PhysRevLett.118.209701},
	File = {APS Snapshot:/Users/tiantian/Documents/zotero/storage/PD68534F/PhysRevLett.118.html:text/html;PhysRevLett.118.209701.pdf:/Users/tiantian/Documents/zotero/storage/EBMHBIVV/PhysRevLett.118.209701.pdf:application/pdf},
	Journal = {Phys. Rev. Lett.},
	Number = {20},
	Pages = {209701},
	Title = {Comment on ``{Linear} {Scaling} of the {Exciton} {Binding} {Energy} versus the {Band} {Gap} of {Two}-{Dimensional} {Materials}''},
	Url = {https://link.aps.org/doi/10.1103/PhysRevLett.118.209701},
	Volume = {118},
	Year = {2017},
	Bdsk-Url-1 = {https://link.aps.org/doi/10.1103/PhysRevLett.118.209701},
	Bdsk-Url-2 = {https://doi.org/10.1103/PhysRevLett.118.209701}}

@article{Choi_linear_2015,
	Author = {Choi, Jin-Ho and Cui, Ping and Lan, Haiping and Zhang, Zhenyu},
	Doi = {10.1103/PhysRevLett.115.066403},
	Journal = {Phys. Rev. Lett.},
	Number = {6},
	Pages = {066403},
	Title = {Linear {Scaling} of the {Exciton} {Binding} {Energy} versus the {Band} {Gap} of {Two}-{Dimensional} {Materials}},
	Url = {https://link.aps.org/doi/10.1103/PhysRevLett.115.066403},
	Volume = {115},
	Year = {2015},
	Bdsk-Url-1 = {https://link.aps.org/doi/10.1103/PhysRevLett.115.066403},
	Bdsk-Url-2 = {https://doi.org/10.1103/PhysRevLett.115.066403}}

@article{Thygesen_2017_2D_calc_rev,
	Author = {Thygesen, Kristian Sommer},
	Doi = {10.1088/2053-1583/aa6432},
	Issn = {2053-1583},
	Journal = {2D Mater.},
	Language = {en},
	Number = {2},
	Pages = {022004},
	Title = {Calculating excitons, plasmons, and quasiparticles in 2D materials and van der {Waals} heterostructures},
	Url = {http://stacks.iop.org/2053-1583/4/i=2/a=022004},
	Volume = {4},
	Year = {2017},
	Bdsk-Url-1 = {http://stacks.iop.org/2053-1583/4/i=2/a=022004},
	Bdsk-Url-2 = {https://doi.org/10.1088/2053-1583/aa6432}}

@article{das_Sarma_1985_screening,
	Abstract = {The effect of free-carrier screening on polarons in semiconductor heterostructures and quantum wells is considered with particular reference to GaAs-based experimental systems. It is shown that screening has an appreciable effect on quantities like the polaronic binding energy and the effective-mass renormalization as well as on the polar scattering rate. Different models for the screened polar interaction are compared quantitatively and the importance of using wave-vector-dependent screening in the theory is established.},
	Author = {Das Sarma, S. and Mason, B. A.},
	Doi = {10.1103/PhysRevB.31.5536},
	Journal = {Phys. Rev. B},
	Number = {8},
	Pages = {5536--5538},
	Title = {Screening of polar interaction in quasi-two-dimensional semiconductor microstructures},
	Url = {https://link.aps.org/doi/10.1103/PhysRevB.31.5536},
	Volume = {31},
	Year = {1985},
	Bdsk-Url-1 = {https://link.aps.org/doi/10.1103/PhysRevB.31.5536},
	Bdsk-Url-2 = {https://doi.org/10.1103/PhysRevB.31.5536}}

@article{Price_1981_2D_screen,
	Author = {Price, P. J.},
	Doi = {10.1116/1.571137},
	File = {Snapshot:/Users/tiantian/Documents/zotero/storage/EFTQKFU2/1.html:text/html},
	Issn = {0022-5355},
	Journal = {J. Vac. Sci. Technol.},
	Number = {3},
	Pages = {599--603},
	Shorttitle = {Two‐dimensional electron transport in semiconductor layers {II}},
	Title = {Two‐dimensional electron transport in semiconductor layers {II}: {Screening}},
	Url = {http://avs.scitation.org/doi/abs/10.1116/1.571137},
	Volume = {19},
	Year = {1981},
	Bdsk-Url-1 = {http://avs.scitation.org/doi/abs/10.1116/1.571137},
	Bdsk-Url-2 = {https://doi.org/10.1116/1.571137}}

@article{Beal_1976_ext_WSe2,
	Abstract = {The A exciton series in the liquid-nitrogen-temperature epsilon 2 spectra of 2H-WSe 2 and 3R-WS 2 , derived from Kramers-Kronig analyses of normal-incidence, basal-plane reflectivity spectra, have been fitted to a Lorentzian oscillator model. It has been found that the energy levels and oscillator strengths of the excitons obey a three-dimensional theoretical model for 2H-WSe 2 and a two-dimensional model for 3R-WS 2 . The experimental observations are consistent with Toyozawa's (1958) theory for weak exciton-phonon interactions and small exciton effective mass.},
	Author = {Beal, A. R. and Liang, W. Y.},
	Doi = {10.1088/0022-3719/9/12/029},
	File = {IOP Full Text PDF:/Users/tiantian/Documents/zotero/storage/SH29WTZQ/Beal 和 Liang - 1976 - Excitons in 2H-WSe 2 and 3R-WS 2.pdf:application/pdf},
	Issn = {0022-3719},
	Journal = {J. Phys. C: Solid State Phys.},
	Language = {en},
	Number = {12},
	Pages = {2459},
	Title = {Excitons in 2H-{WSe} 2 and 3R-{WS} 2},
	Url = {http://stacks.iop.org/0022-3719/9/i=12/a=029},
	Volume = {9},
	Year = {1976},
	Bdsk-Url-1 = {http://stacks.iop.org/0022-3719/9/i=12/a=029},
	Bdsk-Url-2 = {https://doi.org/10.1088/0022-3719/9/12/029}}

@article{Rasmussen_2015_database,
	Abstract = {We present a comprehensive first-principles study of the electronic structure of 51 semiconducting monolayer transition-metal dichalcogenides and -oxides in the 2H and 1T hexagonal phases. The quasiparticle (QP) band structures with spin--orbit coupling are calculated in the G0W0 approximation, and comparison is made with different density functional theory descriptions. Pitfalls related to the convergence of GW calculations for two-dimensional (2D) materials are discussed together with possible solutions. The monolayer band edge positions relative to vacuum are used to estimate the band alignment at various heterostructure interfaces. The sensitivity of the band structures to the in-plane lattice constant is analyzed and rationalized in terms of the electronic structure. Finally, the q-dependent dielectric functions and effective electron and hole masses are obtained from the QP band structure and used as input to a 2D hydrogenic model to estimate exciton binding energies. Throughout the paper we focus on trends and correlations in the electronic structure rather than detailed analysis of specific materials. All the computed data is available in an open database.},
	Author = {Rasmussen, Filip A. and Thygesen, Kristian S.},
	Doi = {10.1021/acs.jpcc.5b02950},
	File = {ACS Full Text PDF w/ Links:/Users/tiantian/Documents/zotero/storage/T3J6JA76/Rasmussen 和 Thygesen - 2015 - Computational 2D Materials Database Electronic St.pdf:application/pdf;ACS Full Text Snapshot:/Users/tiantian/Documents/zotero/storage/SHSXSMFA/acs.jpcc.html:text/html},
	Issn = {1932-7447},
	Journal = {J. Phys. Chem. C},
	Number = {23},
	Pages = {13169--13183},
	Shorttitle = {Computational 2D {Materials} {Database}},
	Title = {Computational 2D {Materials} {Database}: {Electronic} {Structure} of {Transition}-{Metal} {Dichalcogenides} and {Oxides}},
	Url = {http://dx.doi.org/10.1021/acs.jpcc.5b02950},
	Volume = {119},
	Year = {2015},
	Bdsk-Url-1 = {http://dx.doi.org/10.1021/acs.jpcc.5b02950}}

@article{Chernikov_2014_EB_MoS2_2D3D,
	Author = {Chernikov, Alexey and Berkelbach, Timothy C. and Hill, Heather M. and Rigosi, Albert and Li, Yilei and Aslan, Ozgur Burak and Reichman, David R. and Hybertsen, Mark S. and Heinz, Tony F.},
	Doi = {10.1103/physrevlett.113.076802},
	Issn = {1079-7114},
	Journal = {Phys. Rev. Lett.},
	Number = 7,
	Pages = {076802},
	Publisher = {American Physical Society (APS)},
	Title = {Exciton Binding Energy and Nonhydrogenic Rydberg Series in Monolayer WS$_{2}$},
	Url = {http://dx.doi.org/10.1103/PhysRevLett.113.076802},
	Volume = 113,
	Year = 2014,
	Bdsk-Url-1 = {http://dx.doi.org/10.1103/PhysRevLett.113.076802},
	Bdsk-Url-2 = {http://dx.doi.org/10.1103/physrevlett.113.076802}}

@article{Kresse_1993,
	Author = {Kresse, G. and Hafner, J.},
	Doi = {10.1103/physrevb.47.558},
	Issn = {1095-3795},
	Journal = {Phys. Rev. B},
	Number = 1,
	Pages = {558--561},
	Publisher = {American Physical Society (APS)},
	Title = {Ab initiomolecular dynamics for liquid metals},
	Url = {http://dx.doi.org/10.1103/PhysRevB.47.558},
	Volume = 47,
	Year = 1993,
	Bdsk-Url-1 = {http://dx.doi.org/10.1103/PhysRevB.47.558},
	Bdsk-Url-2 = {http://dx.doi.org/10.1103/physrevb.47.558}}

@article{Kresse_1996_1,
	Author = {Kresse, G. and Furthm{\"u}ller, J.},
	Doi = {10.1016/0927-0256(96)00008-0},
	Issn = {0927-0256},
	Journal = {Comput. Mater. Sci.},
	Number = 1,
	Pages = {15--50},
	Publisher = {Elsevier BV},
	Title = {Efficiency of ab-initio total energy calculations for metals and semiconductors using a plane-wave basis set},
	Url = {http://dx.doi.org/10.1016/0927-0256(96)00008-0},
	Volume = 6,
	Year = 1996,
	Bdsk-Url-1 = {http://dx.doi.org/10.1016/0927-0256(96)00008-0}}

@article{Kresse_1996_2,
	Author = {Kresse, G. and Furthm{\"u}ller, J.},
	Doi = {10.1103/physrevb.54.11169},
	Issn = {1095-3795},
	Journal = {Phys. Rev. B},
	Number = 16,
	Pages = {11169--11186},
	Publisher = {American Physical Society (APS)},
	Title = {Efficient iterative schemes forab initiototal-energy calculations using a plane-wave basis set},
	Url = {http://dx.doi.org/10.1103/PhysRevB.54.11169},
	Volume = 54,
	Year = 1996,
	Bdsk-Url-1 = {http://dx.doi.org/10.1103/PhysRevB.54.11169},
	Bdsk-Url-2 = {http://dx.doi.org/10.1103/physrevb.54.11169}}

@article{Kresse_1999_pseudopotentials,
	Author = {Kresse, G. and Joubert, D.},
	Doi = {10.1103/physrevb.59.1758},
	Issn = {1095-3795},
	Journal = {Phys. Rev. B},
	Number = 3,
	Pages = {1758--1775},
	Publisher = {American Physical Society (APS)},
	Title = {From ultrasoft pseudopotentials to the projector augmented-wave method},
	Url = {http://dx.doi.org/10.1103/PhysRevB.59.1758},
	Volume = 59,
	Year = 1999,
	Bdsk-Url-1 = {http://dx.doi.org/10.1103/PhysRevB.59.1758},
	Bdsk-Url-2 = {http://dx.doi.org/10.1103/physrevb.59.1758}}

@article{Petousis_2017_dielectric_database,
	Author = {Petousis, Ioannis and Mrdjenovich, David and Ballouz, Eric and Liu, Miao and Winston, Donald and Chen, Wei and Graf, Tanja and Schladt, Thomas D. and Persson, Kristin A. and Prinz, Fritz B.},
	Doi = {10.1038/sdata.2016.134},
	Issn = {2052-4463},
	Journal = {Sci. Data},
	Pages = 160134,
	Publisher = {Springer Nature},
	Title = {High-throughput screening of inorganic compounds for the discovery of novel dielectric and optical materials},
	Url = {http://dx.doi.org/10.1038/sdata.2016.134},
	Volume = 4,
	Year = 2017,
	Bdsk-Url-1 = {http://dx.doi.org/10.1038/sdata.2016.134}}

@article{Yang_1991,
	Author = {Yang, X. L. and Guo, S. H. and Chan, F. T. and Wong, K. W. and Ching, W. Y.},
	Doi = {10.1103/physreva.43.1186},
	Issn = {1094-1622},
	Journal = {Phys. Rev. A},
	Number = 3,
	Pages = {1186--1196},
	Publisher = {American Physical Society (APS)},
	Title = {Analytic solution of a two-dimensional hydrogen atom. I. Nonrelativistic theory},
	Url = {http://dx.doi.org/10.1103/PhysRevA.43.1186},
	Volume = 43,
	Year = 1991,
	Bdsk-Url-1 = {http://dx.doi.org/10.1103/PhysRevA.43.1186},
	Bdsk-Url-2 = {http://dx.doi.org/10.1103/physreva.43.1186}}

@book{kittel_2005_introduction,
	Author = {Kittel, Charles},
	Publisher = {Wiley},
	Title = {Introduction to solid state physics},
	Year = {2005}}

@article{Adler_1962,
	Author = {Adler, Stephen L.},
	Doi = {10.1103/physrev.126.413},
	Issn = {0031-899X},
	Journal = {Phys. Rev.},
	Number = 2,
	Pages = {413--420},
	Publisher = {American Physical Society (APS)},
	Title = {Quantum Theory of the Dielectric Constant in Real Solids},
	Url = {http://dx.doi.org/10.1103/PhysRev.126.413},
	Volume = 126,
	Year = 1962,
	Bdsk-Url-1 = {http://dx.doi.org/10.1103/PhysRev.126.413},
	Bdsk-Url-2 = {http://dx.doi.org/10.1103/physrev.126.413}}

@article{Markel_2016,
	Author = {Markel, Vadim A.},
	Doi = {10.1364/josaa.33.001244},
	Issn = {1520-8532},
	Journal = {J. Opt. Soc. Am. A},
	Number = 7,
	Pages = 1244,
	Publisher = {The Optical Society},
	Title = {Introduction to the Maxwell Garnett approximation: tutorial},
	Url = {http://dx.doi.org/10.1364/JOSAA.33.001244},
	Volume = 33,
	Year = 2016,
	Bdsk-Url-1 = {http://dx.doi.org/10.1364/JOSAA.33.001244},
	Bdsk-Url-2 = {http://dx.doi.org/10.1364/josaa.33.001244}}

@article{Bettini_2016_electromag,
	Author = {Bettini, Alessandro},
	Doi = {10.1007/978-3-319-40871-2},
	Isbn = 9783319408712,
	Issn = {2192-4805},
	Journal = {Undergraduate Lecture Notes in Physics},
	Publisher = {Springer International Publishing},
	Title = {A Course in Classical Physics 3 --- Electromagnetism},
	Url = {http://dx.doi.org/10.1007/978-3-319-40871-2},
	Year = 2016,
	Bdsk-Url-1 = {http://dx.doi.org/10.1007/978-3-319-40871-2}}

@article{Israelachvili_2011,
	Author = {Israelachvili, Jacob N.},
	Doi = {10.1016/b978-0-12-375182-9.10005-3},
	Isbn = 9780123751829,
	Journal = {Intermolecular and Surface Forces},
	Pages = {91--106},
	Publisher = {Elsevier},
	Title = {Interactions Involving the Polarization of Molecules},
	Url = {http://dx.doi.org/10.1016/B978-0-12-375182-9.10005-3},
	Year = 2011,
	Bdsk-Url-1 = {http://dx.doi.org/10.1016/B978-0-12-375182-9.10005-3},
	Bdsk-Url-2 = {http://dx.doi.org/10.1016/b978-0-12-375182-9.10005-3}}

@article{Meyer_2001_dipole_slab,
	Author = {Meyer, B. and Vanderbilt, David},
	Date-Modified = {2019-11-28 13:04:01 +0100},
	Doi = {10.1103/physrevb.63.205426},
	Issn = {1095-3795},
	Journal = {Phys. Rev. B},
	Number = 20,
	Pages = {205426 },
	Publisher = {American Physical Society (APS)},
	Title = {Ab initiostudy of BaTiO$_3$ and PbTiO$_3$ surfaces in external electric fields},
	Url = {http://dx.doi.org/10.1103/PhysRevB.63.205426},
	Volume = 63,
	Year = 2001,
	Bdsk-Url-1 = {http://dx.doi.org/10.1103/PhysRevB.63.205426},
	Bdsk-Url-2 = {http://dx.doi.org/10.1103/physrevb.63.205426}}

@article{Finkenrath_1988,
	Author = {Finkenrath, H.},
	Doi = {10.1016/0020-0891(88)90061-9},
	Issn = {0020-0891},
	Journal = {Infrared Physics},
	Number = 6,
	Pages = {363--366},
	Publisher = {Elsevier BV},
	Title = {The moss rule and the influence of doping on the optical dielectric constant of semiconductors---II},
	Url = {http://dx.doi.org/10.1016/0020-0891(88)90061-9},
	Volume = 28,
	Year = 1988,
	Bdsk-Url-1 = {http://dx.doi.org/10.1016/0020-0891(88)90061-9}}

@article{Matthes_2016,
	Author = {Matthes, Lars and Pulci, Olivia and Bechstedt, Friedhelm},
	Doi = {10.1103/physrevb.94.205408},
	Issn = {2469-9969},
	Journal = {Phys. Rev. B},
	Number = 20,
	Pages = {205408},
	Publisher = {American Physical Society (APS)},
	Title = {Influence of out-of-plane response on optical properties of two-dimensional materials: First principles approach},
	Url = {http://dx.doi.org/10.1103/PhysRevB.94.205408},
	Volume = 94,
	Year = 2016,
	Bdsk-Url-1 = {http://dx.doi.org/10.1103/PhysRevB.94.205408},
	Bdsk-Url-2 = {http://dx.doi.org/10.1103/physrevb.94.205408}}

@article{Laturia_2018,
	Author = {Laturia, Akash and Van de Put, Maarten L. and Vandenberghe, William G.},
	Doi = {10.1038/s41699-018-0050-x},
	Issn = {2397-7132},
	Journal = {npj 2D Mater. Appl.},
	Number = 1,
	Pages = {6},
	Publisher = {Springer Nature},
	Title = {Dielectric properties of hexagonal boron nitride and transition metal dichalcogenides: from monolayer to bulk},
	Url = {http://dx.doi.org/10.1038/s41699-018-0050-x},
	Volume = 2,
	Year = 2018,
	Bdsk-Url-1 = {http://dx.doi.org/10.1038/s41699-018-0050-x}}

@article{Kumar_2016_PRB,
	Author = {Kumar, Piyush and Bhadoria, B. S. and Kumar, Sanjay and Bhowmick, Somnath and Chauhan, Yogesh Singh and Agarwal, Amit},
	Doi = {10.1103/physrevb.93.195428},
	Issn = {2469-9969},
	Journal = {Phys.Rev. B},
	Number = 19,
	Pages = {195428},
	Publisher = {American Physical Society (APS)},
	Title = {Thickness and electric-field-dependent polarizability and dielectric constant in phosphorene},
	Url = {http://dx.doi.org/10.1103/PhysRevB.93.195428},
	Volume = 93,
	Year = 2016,
	Bdsk-Url-1 = {http://dx.doi.org/10.1103/PhysRevB.93.195428},
	Bdsk-Url-2 = {http://dx.doi.org/10.1103/physrevb.93.195428}}

@article{Kumar_2016_jpcc,
	Author = {Kumar, Piyush and Chauhan, Yogesh Singh and Agarwal, Amit and Bhowmick, Somnath},
	Doi = {10.1021/acs.jpcc.6b05805},
	Issn = {1932-7455},
	Journal = {J. Phys. Chem. C},
	Number = 31,
	Pages = {17620--17626},
	Publisher = {American Chemical Society (ACS)},
	Title = {Thickness and Stacking Dependent Polarizability and Dielectric Constant of Graphene--Hexagonal Boron Nitride Composite Stacks},
	Url = {http://dx.doi.org/10.1021/acs.jpcc.6b05805},
	Volume = 120,
	Year = 2016,
	Bdsk-Url-1 = {http://dx.doi.org/10.1021/acs.jpcc.6b05805}}

@article{Gould_2016_jctc,
	Author = {Gould, Tim and Bucko, Tomas},
	Doi = {10.1021/acs.jctc.6b00361},
	Issn = {1549-9626},
	Journal = {J. Chem. Theory and Comput.},
	Number = 8,
	Pages = {3603--3613},
	Publisher = {American Chemical Society (ACS)},
	Title = {C6 Coefficients and Dipole Polarizabilities for All Atoms and Many Ions in Rows 1--6 of the Periodic Table},
	Url = {http://dx.doi.org/10.1021/acs.jctc.6b00361},
	Volume = 12,
	Year = 2016,
	Bdsk-Url-1 = {http://dx.doi.org/10.1021/acs.jctc.6b00361}}

@article{Sharma_1985,
	Author = {Sharma, A},
	Doi = {10.1088/0022-3719/18/6/006},
	Issn = {0022-3719},
	Journal = {J. Phys. C: Solid State Phys.},
	Number = 6,
	Pages = {L153--L156},
	Publisher = {IOP Publishing},
	Title = {Dielectric function of a semiconductor slab},
	Url = {http://dx.doi.org/10.1088/0022-3719/18/6/006},
	Volume = 18,
	Year = 1985,
	Bdsk-Url-1 = {http://dx.doi.org/10.1088/0022-3719/18/6/006}}

@article{Berkelbach_2013,
	Author = {Berkelbach, Timothy C. and Hybertsen, Mark S. and Reichman, David R.},
	Doi = {10.1103/physrevb.88.045318},
	Issn = {1550-235X},
	Journal = {Phys. Rev. B},
	Number = 4,
	Publisher = {American Physical Society (APS)},
	Title = {Theory of neutral and charged excitons in monolayer transition metal dichalcogenides},
	Url = {http://dx.doi.org/10.1103/PhysRevB.88.045318},
	Volume = 88,
	Year = 2013,
	Bdsk-Url-1 = {http://dx.doi.org/10.1103/PhysRevB.88.045318},
	Bdsk-Url-2 = {http://dx.doi.org/10.1103/physrevb.88.045318}}

@article{Bechstedt_2012,
	Author = {Bechstedt, Friedhelm and Matthes, Lars and Gori, Paola and Pulci, Olivia},
	Doi = {10.1063/1.4731626},
	Issn = {1077-3118},
	Journal = {Appl. Phys. Lett.},
	Number = 26,
	Pages = 261906,
	Publisher = {AIP Publishing},
	Title = {Infrared absorbance of silicene and germanene},
	Url = {http://dx.doi.org/10.1063/1.4731626},
	Volume = 100,
	Year = 2012,
	Bdsk-Url-1 = {http://dx.doi.org/10.1063/1.4731626}}

@article{Pulci_2014,
	Author = {Pulci, O. and Marsili, M. and Garbuio, V. and Gori, P. and Kupchak, I. and Bechstedt, F.},
	Doi = {10.1002/pssb.201350404},
	Issn = {0370-1972},
	Journal = {Phys. Status Solidi B},
	Number = 1,
	Pages = {72--77},
	Publisher = {Wiley},
	Title = {Excitons in two-dimensional sheets with honeycomb symmetry},
	Url = {http://dx.doi.org/10.1002/pssb.201350404},
	Volume = 252,
	Year = 2014,
	Bdsk-Url-1 = {http://dx.doi.org/10.1002/pssb.201350404}}

@article{Benedict_1995,
	Author = {Benedict, Lorin X. and Louie, Steven G. and Cohen, Marvin L.},
	Doi = {10.1103/physrevb.52.8541},
	Issn = {1095-3795},
	Journal = {Phys. Rev. B},
	Number = 11,
	Pages = {8541--8549},
	Publisher = {American Physical Society (APS)},
	Title = {Static polarizabilities of single-wall carbon nanotubes},
	Url = {http://dx.doi.org/10.1103/PhysRevB.52.8541},
	Volume = 52,
	Year = 1995,
	Bdsk-Url-1 = {http://dx.doi.org/10.1103/PhysRevB.52.8541},
	Bdsk-Url-2 = {http://dx.doi.org/10.1103/physrevb.52.8541}}

@article{Novoselov_2016,
	Author = {Novoselov, K. S. and Mishchenko, A. and Carvalho, A. and Castro Neto, A. H.},
	Doi = {10.1126/science.aac9439},
	Issn = {1095-9203},
	Journal = {Science},
	Number = 6298,
	Pages = {aac9439},
	Publisher = {American Association for the Advancement of Science (AAAS)},
	Title = {2D materials and van der Waals heterostructures},
	Url = {http://dx.doi.org/10.1126/science.aac9439},
	Volume = 353,
	Year = 2016,
	Bdsk-Url-1 = {http://dx.doi.org/10.1126/science.aac9439}}

@article{Tran_2014,
	Author = {Tran, Vy and Soklaski, Ryan and Liang, Yufeng and Yang, Li},
	Doi = {10.1103/physrevb.89.235319},
	Issn = {1550-235X},
	Journal = {Phys. Rev. B},
	Number = 23,
	Pages = {235319},
	Publisher = {American Physical Society (APS)},
	Title = {Layer-controlled band gap and anisotropic excitons in few-layer black phosphorus},
	Url = {http://dx.doi.org/10.1103/PhysRevB.89.235319},
	Volume = 89,
	Year = 2014,
	Bdsk-Url-1 = {http://dx.doi.org/10.1103/PhysRevB.89.235319},
	Bdsk-Url-2 = {http://dx.doi.org/10.1103/physrevb.89.235319}}

@article{Mak_2010,
	Author = {Mak, Kin Fai and Lee, Changgu and Hone, James and Shan, Jie and Heinz, Tony F.},
	Doi = {10.1103/physrevlett.105.136805},
	Issn = {1079-7114},
	Journal = {Phys. Rev. Lett.},
	Number = 13,
	Publisher = {American Physical Society (APS)},
	Title = {Atomically ThinMoS$_{2}$: A New Direct-Gap Semiconductor},
	Url = {http://dx.doi.org/10.1103/PhysRevLett.105.136805},
	Volume = 105,
	Year = 2010,
	Bdsk-Url-1 = {http://dx.doi.org/10.1103/PhysRevLett.105.136805},
	Bdsk-Url-2 = {http://dx.doi.org/10.1103/physrevlett.105.136805}}

@article{Haastrup_2018,
	Author = {Haastrup, Sten and Strange, Mikkel and Pandey, Mohnish and Deilmann, Thorsten and Schmidt, Per S and Hinsche, Nicki F and Gjerding, Morten N and Torelli, Daniele and Larsen, Peter M and Riis-Jensen, Anders C and et al.},
	Doi = {10.1088/2053-1583/aacfc1},
	Issn = {2053-1583},
	Journal = {2D Mater.},
	Number = 4,
	Pages = 042002,
	Publisher = {IOP Publishing},
	Title = {The Computational 2D Materials Database: high-throughput modeling and discovery of atomically thin crystals},
	Url = {http://dx.doi.org/10.1088/2053-1583/aacfc1},
	Volume = 5,
	Year = 2018,
	Bdsk-Url-1 = {http://dx.doi.org/10.1088/2053-1583/aacfc1}}

@article{T_bik_2004,
	Author = {Tobik, Jaroslav and Dal Corso, Andrea},
	Doi = {10.1063/1.1729853},
	Issn = {1089-7690},
	Journal = {J. Chem. Phys.},
	Number = 21,
	Pages = {9934--9941},
	Publisher = {AIP Publishing},
	Title = {Electric fields with ultrasoft pseudo-potentials: Applications to benzene and anthracene},
	Url = {http://dx.doi.org/10.1063/1.1729853},
	Volume = 120,
	Year = 2004,
	Bdsk-Url-1 = {http://dx.doi.org/10.1063/1.1729853}}

@article{Ramasubramaniam_2012,
	Author = {Ramasubramaniam, Ashwin},
	Doi = {10.1103/physrevb.86.115409},
	Issn = {1550-235X},
	Journal = {Physical Review B},
	Number = 11,
	Pages = {115409},
	Publisher = {American Physical Society (APS)},
	Title = {Large excitonic effects in monolayers of molybdenum and tungsten dichalcogenides},
	Url = {http://dx.doi.org/10.1103/PhysRevB.86.115409},
	Volume = 86,
	Year = 2012,
	Bdsk-Url-1 = {http://dx.doi.org/10.1103/PhysRevB.86.115409},
	Bdsk-Url-2 = {http://dx.doi.org/10.1103/physrevb.86.115409}}

@article{Wang_2016_Aip,
	Author = {Wang, Liang and Pu, Yayun and Soh, Ai Kah and Shi, Yuping and Liu, Shuangyi},
	Doi = {10.1063/1.4973566},
	Issn = {2158-3226},
	Journal = {AIP Advances},
	Number = 12,
	Pages = 125126,
	Publisher = {AIP Publishing},
	Title = {Layers dependent dielectric properties of two dimensional hexagonal boron nitridenanosheets},
	Url = {http://dx.doi.org/10.1063/1.4973566},
	Volume = 6,
	Year = 2016,
	Bdsk-Url-1 = {http://dx.doi.org/10.1063/1.4973566}}

@book{davies_physics_1997,
	Author = {Davies, John H.},
	Isbn = {978-1-107-39346-2},
	Publisher = {Cambridge University Press},
	Shorttitle = {The {Physics} of {Low}-dimensional {Semiconductors}},
	Title = {The {Physics} of {Low}-dimensional {Semiconductors}: {An} {Introduction}},
	Year = {1997}}

@article{Tkatchenko_2012,
	Author = {Tkatchenko, Alexandre and DiStasio, Robert A. and Car, Roberto and Scheffler, Matthias},
	Doi = {10.1103/physrevlett.108.236402},
	Issn = {1079-7114},
	Journal = {Phys. Rev. Lett.},
	Number = 23,
	Publisher = {American Physical Society (APS)},
	Title = {Accurate and Efficient Method for Many-Body van der Waals Interactions},
	Url = {http://dx.doi.org/10.1103/PhysRevLett.108.236402},
	Volume = 108,
	Year = 2012,
	Bdsk-Url-1 = {http://dx.doi.org/10.1103/PhysRevLett.108.236402},
	Bdsk-Url-2 = {http://dx.doi.org/10.1103/physrevlett.108.236402}}

@article{Raja_2017,
	Author = {Raja, Archana and Chaves, Andrey and Yu, Jaeeun and Arefe, Ghidewon and Hill, Heather M. and Rigosi, Albert F. and Berkelbach, Timothy C. and Nagler, Philipp and Sch{\"u}ller, Christian and Korn, Tobias and et al.},
	Doi = {10.1038/ncomms15251},
	Issn = {2041-1723},
	Journal = {Nat. Commun.},
	Pages = 15251,
	Publisher = {Springer Nature},
	Title = {Coulomb engineering of the bandgap and excitons in two-dimensional materials},
	Url = {http://dx.doi.org/10.1038/ncomms15251},
	Volume = 8,
	Year = 2017,
	Bdsk-Url-1 = {http://dx.doi.org/10.1038/ncomms15251}}

@article{Ning_2015,
	Author = {Ning, Ming-Qiang and Lu, Ming-Ming and Li, Jing-Bo and Chen, Zhuo and Dou, Yan-Kun and Wang, Cheng-Zhi and Rehman, Fida and Cao, Mao-Sheng and Jin, Hai-Bo},
	Doi = {10.1039/c5nr04670j},
	Issn = {2040--3372},
	Journal = {Nanoscale},
	Number = 38,
	Pages = {15734--15740},
	Publisher = {Royal Society of Chemistry (RSC)},
	Title = {Two-dimensional nanosheets of MoS$_{2}$: a promising material with high dielectric properties and microwave absorption performance},
	Url = {http://dx.doi.org/10.1039/C5NR04670J},
	Volume = 7,
	Year = 2015,
	Bdsk-Url-1 = {http://dx.doi.org/10.1039/C5NR04670J},
	Bdsk-Url-2 = {http://dx.doi.org/10.1039/c5nr04670j}}

@article{Li_2014,
	Author = {Li, Yilei and Chernikov, Alexey and Zhang, Xian and Rigosi, Albert and Hill, Heather M. and van der Zande, Arend M. and Chenet, Daniel A. and Shih, En-Min and Hone, James and Heinz, Tony F.},
	Doi = {10.1103/physrevb.90.205422},
	Issn = {1550-235X},
	Journal = {Phys. Rev. B},
	Number = 20,
	Pages = {205422},
	Publisher = {American Physical Society (APS)},
	Title = {Measurement of the optical dielectric function of monolayer transition-metal dichalcogenides:MoS$_{2}$,MoSe2,WS$_{2}$, andWSe2},
	Url = {http://dx.doi.org/10.1103/PhysRevB.90.205422},
	Volume = 90,
	Year = 2014,
	Bdsk-Url-1 = {http://dx.doi.org/10.1103/PhysRevB.90.205422},
	Bdsk-Url-2 = {http://dx.doi.org/10.1103/physrevb.90.205422}}

@article{Yao_2014,
	Author = {Yao, Jie and Koski, Kristie J. and Luo, Weidong and Cha, Judy J. and Hu, Liangbing and Kong, Desheng and Narasimhan, Vijay Kris and Huo, Kaifu and Cui, Yi},
	Doi = {10.1038/ncomms6670},
	Issn = {2041-1723},
	Journal = {Nat. Commun.},
	Number = 1,
	Pages = 5670,
	Publisher = {Springer Nature},
	Title = {Optical transmission enhacement through chemically tuned two-dimensional bismuth chalcogenide nanoplates},
	Url = {http://dx.doi.org/10.1038/ncomms6670},
	Volume = 5,
	Year = 2014,
	Bdsk-Url-1 = {http://dx.doi.org/10.1038/ncomms6670}}

@article{Wu_2015,
	Author = {Wu, Di and Pak, Alexander J. and Liu, Yingnan and Zhou, Yu and Wu, Xiaoyu and Zhu, Yihan and Lin, Min and Han, Yu and Ren, Yuan and Peng, Hailin and et al.},
	Doi = {10.1021/acs.nanolett.5b03575},
	Issn = {1530-6992},
	Journal = {Nano Letters},
	Number = 12,
	Pages = {8136--8140},
	Publisher = {American Chemical Society (ACS)},
	Title = {Thickness-Dependent Dielectric Constant of Few-Layer In2Se3 Nanoflakes},
	Url = {http://dx.doi.org/10.1021/acs.nanolett.5b03575},
	Volume = 15,
	Year = 2015,
	Bdsk-Url-1 = {http://dx.doi.org/10.1021/acs.nanolett.5b03575}}

@article{Gobre_2013,
	Author = {Gobre, Vivekanand V. and Tkatchenko, Alexandre},
	Doi = {10.1038/ncomms3341},
	Issn = {2041-1723},
	Journal = {Nat. Commun.},
	Number = 1,
	Pages = 2341,
	Publisher = {Springer Nature},
	Title = {Scaling laws for van der Waals interactions in nanostructured materials},
	Url = {http://dx.doi.org/10.1038/ncomms3341},
	Volume = 4,
	Year = 2013,
	Bdsk-Url-1 = {http://dx.doi.org/10.1038/ncomms3341}}

@book{ihn_semiconductor_2009,
	Author = {Ihn, Thomas},
	Isbn = {978-0-19-171529-7},
	Language = {en\_US},
	Publisher = {Oxford University Press},
	Shorttitle = {Semiconductor {Nanostructures}},
	Title = {Semiconductor {Nanostructures}: {Quantum} states and electronic transport},
	Url = {http://www.oxfordscholarship.com/view/10.1093/acprof:oso/9780199534425.001.0001/acprof-9780199534425},
	Urldate = {2018-09-04},
	Year = {2009},
	Bdsk-Url-1 = {http://www.oxfordscholarship.com/view/10.1093/acprof:oso/9780199534425.001.0001/acprof-9780199534425}}

@article{Fowler_1984,
	Author = {Fowler, P.W.},
	Doi = {10.1080/00268978400102701},
	Issn = {1362-3028},
	Journal = {Molecular Phys.},
	Number = 4,
	Pages = {865--889},
	Publisher = {Informa UK Limited},
	Title = {Energy, polarizability and size of confined one-electron systems},
	Url = {http://dx.doi.org/10.1080/00268978400102701},
	Volume = 53,
	Year = 1984,
	Bdsk-Url-1 = {http://dx.doi.org/10.1080/00268978400102701}}

@article{Hybertsen_1987,
	Author = {Hybertsen, Mark S. and Louie, Steven G.},
	Doi = {10.1103/physrevb.35.5585},
	Issn = {0163-1829},
	Journal = {Phys. Rev. B},
	Number = 11,
	Pages = {5585--5601},
	Publisher = {American Physical Society (APS)},
	Title = {Ab initiostatic dielectric matrices from the density-functional approach. I. Formulation and application to semiconductors and insulators},
	Url = {http://dx.doi.org/10.1103/PhysRevB.35.5585},
	Volume = 35,
	Year = 1987,
	Bdsk-Url-1 = {http://dx.doi.org/10.1103/PhysRevB.35.5585},
	Bdsk-Url-2 = {http://dx.doi.org/10.1103/physrevb.35.5585}}

@article{Maize_2011,
	Author = {Maize, M. A. and Antonacci, M. A. and Marsiglio, F.},
	Doi = {10.1119/1.3533271},
	Issn = {1943-2909},
	Journal = {American Journal of Physics},
	Number = 2,
	Pages = {222--225},
	Publisher = {American Association of Physics Teachers (AAPT)},
	Title = {The static electric polarizability of a particle bound by a finite potential well},
	Url = {http://dx.doi.org/10.1119/1.3533271},
	Volume = 79,
	Year = 2011,
	Bdsk-Url-1 = {http://dx.doi.org/10.1119/1.3533271}}

@book{ketterson_physics_2016,
	Author = {Ketterson, J. B.},
	Doi = {10.1093/acprof:oso/9780198742906.001.0001},
	Isbn = {978-0-19-874290-6},
	Language = {en},
	Publisher = {Oxford University Press},
	Title = {The {Physics} of {Solids}},
	Url = {http://www.oxfordscholarship.com/view/10.1093/acprof:oso/9780198742906.001.0001/acprof-9780198742906},
	Urldate = {2018-09-13},
	Year = {2016},
	Bdsk-Url-1 = {http://www.oxfordscholarship.com/view/10.1093/acprof:oso/9780198742906.001.0001/acprof-9780198742906},
	Bdsk-Url-2 = {https://doi.org/10.1093/acprof:oso/9780198742906.001.0001}}

@article{HSE_2006,
	Author = {Heyd, Jochen and Scuseria, Gustavo E. and Ernzerhof, Matthias},
	Doi = {10.1063/1.2204597},
	Issn = {1089-7690},
	Journal = {J. Chem. Phys.},
	Number = 21,
	Pages = 219906,
	Publisher = {AIP Publishing},
	Title = {Erratum: ``Hybrid functionals based on a screened Coulomb potential'' [J. Chem. Phys. 118, 8207 (2003)]},
	Url = {http://dx.doi.org/10.1063/1.2204597},
	Volume = 124,
	Year = 2006,
	Bdsk-Url-1 = {http://dx.doi.org/10.1063/1.2204597}}

@article{Heyd_2003,
	Author = {Heyd, Jochen and Scuseria, Gustavo E. and Ernzerhof, Matthias},
	Doi = {10.1063/1.1564060},
	Issn = {1089-7690},
	Journal = {J. Chem. Phys.},
	Number = 18,
	Pages = {8207--8215},
	Publisher = {AIP Publishing},
	Title = {Hybrid functionals based on a screened Coulomb potential},
	Url = {http://dx.doi.org/10.1063/1.1564060},
	Volume = 118,
	Year = 2003,
	Bdsk-Url-1 = {http://dx.doi.org/10.1063/1.1564060}}

@article{Lee_2010_vdFD2,
	Author = {Lee, Kyuho and Murray, Eamonn D. and Kong, Lingzhu and Lundqvist, Bengt I. and Langreth, David C.},
	Doi = {10.1103/physrevb.82.081101},
	Issn = {1550-235X},
	Journal = {Phys. Rev. B},
	Number = 8,
	Pages = {081101(R)},
	Publisher = {American Physical Society (APS)},
	Title = {Higher-accuracy van der Waals density functional},
	Url = {http://dx.doi.org/10.1103/PhysRevB.82.081101},
	Volume = 82,
	Year = 2010,
	Bdsk-Url-1 = {http://dx.doi.org/10.1103/PhysRevB.82.081101},
	Bdsk-Url-2 = {http://dx.doi.org/10.1103/physrevb.82.081101}}

@article{Paier_2005_PBE,
	Author = {Paier, Joachim and Hirschl, Robin and Marsman, Martijn and Kresse, Georg},
	Doi = {10.1063/1.1926272},
	Issn = {1089-7690},
	Journal = {J. Chem. Phys.},
	Number = 23,
	Pages = 234102,
	Publisher = {AIP Publishing},
	Title = {The Perdew--Burke--Ernzerhof exchange-correlation functional applied to the G2-1 test set using a plane-wave basis set},
	Url = {http://dx.doi.org/10.1063/1.1926272},
	Volume = 122,
	Year = 2005,
	Bdsk-Url-1 = {http://dx.doi.org/10.1063/1.1926272}}

@article{Ernzerhof_1999,
	Author = {Ernzerhof, Matthias and Scuseria, Gustavo E.},
	Doi = {10.1063/1.478401},
	Issn = {1089-7690},
	Journal = {J. Chem. Phys.},
	Number = 11,
	Pages = {5029--5036},
	Publisher = {AIP Publishing},
	Title = {Assessment of the Perdew--Burke--Ernzerhof exchange-correlation functional},
	Url = {http://dx.doi.org/10.1063/1.478401},
	Volume = 110,
	Year = 1999,
	Bdsk-Url-1 = {http://dx.doi.org/10.1063/1.478401}}

@article{Perdew_1996,
	Author = {Perdew, John P. and Burke, Kieron and Ernzerhof, Matthias},
	Doi = {10.1103/physrevlett.77.3865},
	Issn = {1079-7114},
	Journal = {Phys. Rev. Lett.},
	Number = 18,
	Pages = {3865--3868},
	Publisher = {American Physical Society (APS)},
	Title = {Generalized Gradient Approximation Made Simple},
	Url = {http://dx.doi.org/10.1103/PhysRevLett.77.3865},
	Volume = 77,
	Year = 1996,
	Bdsk-Url-1 = {http://dx.doi.org/10.1103/PhysRevLett.77.3865},
	Bdsk-Url-2 = {http://dx.doi.org/10.1103/physrevlett.77.3865}}

@article{Mas_Ballest__2011,
	Author = {Mas-Ballest{\'e}, Rub{\'e}n and G{\'o}mez-Navarro, Cristina and G{\'o}mez-Herrero, Julio and Zamora, F{\'e}lix},
	Doi = {10.1039/c0nr00323a},
	Issn = {2040-3372},
	Journal = {Nanoscale},
	Number = 1,
	Pages = {20--30},
	Publisher = {Royal Society of Chemistry (RSC)},
	Title = {2D materials: to graphene and beyond},
	Url = {http://dx.doi.org/10.1039/C0NR00323A},
	Volume = 3,
	Year = 2011,
	Bdsk-Url-1 = {http://dx.doi.org/10.1039/C0NR00323A},
	Bdsk-Url-2 = {http://dx.doi.org/10.1039/c0nr00323a}}

@article{Sabirov_2014,
	Author = {Sabirov, Denis Sh.},
	Doi = {10.1039/c4ra06116k},
	Issn = {2046-2069},
	Journal = {RSC Adv.},
	Number = 85,
	Pages = {44996--45028},
	Publisher = {Royal Society of Chemistry (RSC)},
	Title = {Polarizability as a landmark property for fullerene chemistry and materials science},
	Url = {http://dx.doi.org/10.1039/C4RA06116K},
	Volume = 4,
	Year = 2014,
	Bdsk-Url-1 = {http://dx.doi.org/10.1039/C4RA06116K},
	Bdsk-Url-2 = {http://dx.doi.org/10.1039/c4ra06116k}}

@article{Davies_1952,
	Author = {Davies, PL},
	Journal = {Trans. Faraday Soc.},
	Pages = {789--795},
	Publisher = {Royal Society of Chemistry},
	Title = {Polarizabilities of long chain conjugated molecules},
	Volume = {48},
	Year = {1952}}

@article{Heyd_2005,
	Author = {Heyd, Jochen and Peralta, Juan E. and Scuseria, Gustavo E. and Martin, Richard L.},
	Doi = {10.1063/1.2085170},
	Issn = {1089-7690},
	Journal = {J. Chem. Phys.},
	Number = 17,
	Pages = 174101,
	Publisher = {AIP Publishing},
	Title = {Energy band gaps and lattice parameters evaluated with the Heyd-Scuseria-Ernzerhof screened hybrid functional},
	Url = {http://dx.doi.org/10.1063/1.2085170},
	Volume = 123,
	Year = 2005,
	Bdsk-Url-1 = {http://dx.doi.org/10.1063/1.2085170}}

@article{Weber_2010,
	Author = {Weber, J. W. and Calado, V. E. and van de Sanden, M. C. M.},
	Doi = {10.1063/1.3475393},
	Issn = {1077-3118},
	Journal = {Appl. Phys. Lett.},
	Number = 9,
	Pages = 091904,
	Publisher = {AIP Publishing},
	Title = {Optical constants of graphene measured by spectroscopic ellipsometry},
	Url = {http://dx.doi.org/10.1063/1.3475393},
	Volume = 97,
	Year = 2010,
	Bdsk-Url-1 = {http://dx.doi.org/10.1063/1.3475393}}

@article{Antoine_1999,
	Author = {Antoine, R. and Dugourd, Ph. and Rayane, D. and Benichou, E. and Broyer, M. and Chandezon, F. and Guet, C.},
	Doi = {10.1063/1.478944},
	Issn = {1089-7690},
	Journal = {J. Chem. Phys.},
	Number = 19,
	Pages = {9771--9772},
	Publisher = {AIP Publishing},
	Title = {Direct measurement of the electric polarizability of isolated C60 molecules},
	Url = {http://dx.doi.org/10.1063/1.478944},
	Volume = 110,
	Year = 1999,
	Bdsk-Url-1 = {http://dx.doi.org/10.1063/1.478944}}

@article{Krauss_1999_EFM,
	Author = {Krauss, Todd D. and Brus, Louis E.},
	Doi = {10.1103/physrevlett.83.4840},
	Issn = {1079-7114},
	Journal = {Phys. Rev. Lett.},
	Number = 23,
	Pages = {4840--4843},
	Publisher = {American Physical Society (APS)},
	Title = {Charge, Polarizability, and Photoionization of Single Semiconductor Nanocrystals},
	Url = {http://dx.doi.org/10.1103/PhysRevLett.83.4840},
	Volume = 83,
	Year = 1999,
	Bdsk-Url-1 = {http://dx.doi.org/10.1103/PhysRevLett.83.4840},
	Bdsk-Url-2 = {http://dx.doi.org/10.1103/physrevlett.83.4840}}

@article{Cherniavskaya_2003,
	Author = {Cherniavskaya, Oksana and Chen, Liwei and Weng, Vivian and Yuditsky, Leonid and Brus, Louis E.},
	Doi = {10.1021/jp0265438},
	Issn = {1520-5207},
	Journal = {J. Phys. Chem. B},
	Number = 7,
	Pages = {1525--1531},
	Publisher = {American Chemical Society (ACS)},
	Title = {Quantitative Noncontact Electrostatic Force Imaging of Nanocrystal Polarizability},
	Url = {http://dx.doi.org/10.1021/jp0265438},
	Volume = 107,
	Year = 2003,
	Bdsk-Url-1 = {http://dx.doi.org/10.1021/jp0265438}}

@book{Banwell_1994,
	Author = {Banwell, Colin N and McCash, Elaine M},
	Publisher = {McGraw-Hill New York},
	Title = {Fundamentals of molecular spectroscopy},
	Volume = {851},
	Year = {1994}}

@article{Li_2018,
	Author = {Li, Lu Hua and Tian, Tian and Cai, Qiran and Shih, Chih-Jen and Santos, Elton J. G.},
	Doi = {10.1038/s41467-018-03592-3},
	Issn = {2041-1723},
	Journal = {Nat. Commun.},
	Number = 1,
	Pages = {1271},
	Publisher = {Springer Nature},
	Title = {Asymmetric electric field screening in van der Waals heterostructures},
	Url = {http://dx.doi.org/10.1038/s41467-018-03592-3},
	Volume = 9,
	Year = 2018,
	Bdsk-Url-1 = {http://dx.doi.org/10.1038/s41467-018-03592-3}}

@article{Tian_2016,
	Author = {Tian, Tian and Rice, Peter and Santos, Elton J. G. and Shih, Chih-Jen},
	Doi = {10.1021/acs.nanolett.6b01876},
	Issn = {1530-6992},
	Journal = {Nano Lett.},
	Number = 8,
	Pages = {5044--5052},
	Publisher = {American Chemical Society (ACS)},
	Title = {Multiscale Analysis for Field-Effect Penetration through Two-Dimensional Materials},
	Url = {http://dx.doi.org/10.1021/acs.nanolett.6b01876},
	Volume = 16,
	Year = 2016,
	Bdsk-Url-1 = {http://dx.doi.org/10.1021/acs.nanolett.6b01876}}

@article{Liluhua_2014,
	Author = {Li, Lu Hua and Santos, Elton J. G. and Xing, Tan and Cappelluti, Emmanuele and Rold{\'a}n, Rafael and Chen, Ying and Watanabe, Kenji and Taniguchi, Takashi},
	Doi = {10.1021/nl503411a},
	Issn = {1530-6992},
	Journal = {Nano Lett.},
	Number = 1,
	Pages = {218--223},
	Publisher = {American Chemical Society (ACS)},
	Title = {Dielectric Screening in Atomically Thin Boron Nitride Nanosheets},
	Url = {http://dx.doi.org/10.1021/nl503411a},
	Volume = 15,
	Year = 2014,
	Bdsk-Url-1 = {http://dx.doi.org/10.1021/nl503411a}}

@article{Brothers_2008,
	Author = {Brothers, Edward N. and Izmaylov, Artur F. and Scuseria, Gustavo E. and Kudin, Konstantin N.},
	Doi = {10.1021/jp709931r},
	Issn = {1932-7455},
	Journal = {J. Phys. Chem. C},
	Number = 5,
	Pages = {1396--1400},
	Publisher = {American Chemical Society (ACS)},
	Title = {Analytically Calculated Polarizability of Carbon Nanotubes: Single Wall, Coaxial, and Bundled Systems},
	Url = {http://dx.doi.org/10.1021/jp709931r},
	Volume = 112,
	Year = 2008,
	Bdsk-Url-1 = {http://dx.doi.org/10.1021/jp709931r}}

@incollection{sze_appendix_2006,
	Author = {Sze, S.m. and Ng, Kwok K.},
	Booktitle = {Physics of {Semiconductor} {Devices}},
	Copyright = {Copyright {\copyright} 2007 John Wiley \& Sons, Inc. All rights reserved.},
	Isbn = {978-0-470-06832-8},
	Language = {en},
	Pages = {789--789},
	Publisher = {John Wiley \& Sons, Inc.},
	Title = {Appendix {F} {Properties} of {Important} {Semiconductors}},
	Url = {http://onlinelibrary.wiley.com/doi/10.1002/9780470068328.app6/summary},
	Urldate = {2015-11-02},
	Year = {2006},
	Bdsk-Url-1 = {http://onlinelibrary.wiley.com/doi/10.1002/9780470068328.app6/summary}}

@article{Miller_1990,
	Author = {Miller, Kenneth J.},
	Doi = {10.1021/ja00179a045},
	Issn = {0002-7863},
	Journal = {J. Am. Chem. Soc.},
	Number = 23,
	Pages = {8543--8551},
	Publisher = {American Chemical Society (ACS)},
	Title = {Calculation of the molecular polarizability tensor},
	Url = {http://dx.doi.org/10.1021/ja00179a045},
	Volume = 112,
	Year = 1990,
	Bdsk-Url-1 = {http://dx.doi.org/10.1021/ja00179a045}}

@article{Ramprasad_2006,
	Author = {Ramprasad, R. and Shi, N.},
	Doi = {10.1063/1.2209197},
	Issn = {1077-3118},
	Journal = {Appl. Phys. Lett.},
	Number = 22,
	Pages = 222903,
	Publisher = {AIP Publishing},
	Title = {Polarizability of phthalocyanine based molecular systems: A first-principles electronic structure study},
	Url = {http://dx.doi.org/10.1063/1.2209197},
	Volume = 88,
	Year = 2006,
	Bdsk-Url-1 = {http://dx.doi.org/10.1063/1.2209197}}

@article{Jensen_2000,
	Author = {Jensen, Lasse and Schmidt, Ole H. and Mikkelsen, Kurt V. and {\AA}strand, Per-Olof},
	Doi = {10.1021/jp994073k},
	Issn = {1520-5207},
	Journal = {J. Phys. Chem. B},
	Number = 45,
	Pages = {10462--10466},
	Publisher = {American Chemical Society (ACS)},
	Title = {Static and Frequency-Dependent Polarizability Tensors for Carbon Nanotubes},
	Url = {http://dx.doi.org/10.1021/jp994073k},
	Volume = 104,
	Year = 2000,
	Bdsk-Url-1 = {http://dx.doi.org/10.1021/jp994073k}}

@article{Salzner_1998,
	Author = {Salzner, U. and Pickup, P. G. and Poirier, R. A. and Lagowski, J. B.},
	Doi = {10.1021/jp971652l},
	Issn = {1520-5215},
	Journal = {J. Phys. Chem. A},
	Number = 15,
	Pages = {2572--2578},
	Publisher = {American Chemical Society (ACS)},
	Title = {Accurate Method for Obtaining Band Gaps in Conducting Polymers Using a DFT/Hybrid Approach},
	Url = {http://dx.doi.org/10.1021/jp971652l},
	Volume = 102,
	Year = 1998,
	Bdsk-Url-1 = {http://dx.doi.org/10.1021/jp971652l}}

@article{Matsuda_2010,
	Author = {Matsuda, Yuki and Tahir-Kheli, Jamil and Goddard, William A.},
	Doi = {10.1021/jz100889u},
	Issn = {1948-7185},
	Journal = {J. Phys. Chem. Lett.},
	Number = 19,
	Pages = {2946--2950},
	Publisher = {American Chemical Society (ACS)},
	Title = {Definitive Band Gaps for Single-Wall Carbon Nanotubes},
	Url = {http://dx.doi.org/10.1021/jz100889u},
	Volume = 1,
	Year = 2010,
	Bdsk-Url-1 = {http://dx.doi.org/10.1021/jz100889u}}

@article{Hinchliffe_2005,
	Author = {Hinchliffe, Alan and Nikolaidi, Beatrice and Soscun Machado, Humberto},
	Doi = {10.2478/bf02476002},
	Issn = {2391-5420},
	Journal = {Open Chem.},
	Number = 2,
	Pages = {361--369},
	Publisher = {Walter de Gruyter GmbH},
	Title = {Density functional studies of the dipole polarizabilities of the linear polyacenes benzene through nonacene},
	Url = {http://dx.doi.org/10.2478/BF02476002},
	Volume = 3,
	Year = 2005,
	Bdsk-Url-1 = {http://dx.doi.org/10.2478/BF02476002},
	Bdsk-Url-2 = {http://dx.doi.org/10.2478/bf02476002}}

@article{Lin_1994,
	Author = {Lin, Yeong-Lieh and Nori, Franco},
	Doi = {10.1103/physrevb.49.5020},
	Issn = {1095-3795},
	Journal = {Phys. Rev. B},
	Number = 7,
	Pages = {5020--5023},
	Publisher = {American Physical Society (APS)},
	Title = {Electronic structure of single- and multiple-shell carbon fullerenes},
	Url = {http://dx.doi.org/10.1103/PhysRevB.49.5020},
	Volume = 49,
	Year = 1994,
	Bdsk-Url-1 = {http://dx.doi.org/10.1103/PhysRevB.49.5020},
	Bdsk-Url-2 = {http://dx.doi.org/10.1103/physrevb.49.5020}}

@article{Martin_2008,
	Author = {Martin, Dana and Sild, Sulev and Maran, Uko and Karelson, Mati},
	Doi = {10.1021/jp7100368},
	Issn = {1932-7455},
	Journal = {J. Phys. Chem. C},
	Number = 13,
	Pages = {4785--4790},
	Publisher = {American Chemical Society (ACS)},
	Title = {QSPR Modeling of the Polarizability of Polyaromatic Hydrocarbons and Fullerenes},
	Url = {http://dx.doi.org/10.1021/jp7100368},
	Volume = 112,
	Year = 2008,
	Bdsk-Url-1 = {http://dx.doi.org/10.1021/jp7100368}}

@article{Shearer_2016,
	Author = {Shearer, Cameron J and Slattery, Ashley D and Stapleton, Andrew J and Shapter, Joseph G and Gibson, Christopher T},
	Doi = {10.1088/0957-4484/27/12/125704},
	Issn = {1361-6528},
	Journal = {Nanotechnology},
	Number = 12,
	Pages = 125704,
	Publisher = {IOP Publishing},
	Title = {Accurate thickness measurement of graphene},
	Url = {http://dx.doi.org/10.1088/0957-4484/27/12/125704},
	Volume = 27,
	Year = 2016,
	Bdsk-Url-1 = {http://dx.doi.org/10.1088/0957-4484/27/12/125704}}

@article{Van_Dyck_2017,
	Author = {Van Dyck, Colin and Marks, Tobin J. and Ratner, Mark A.},
	Doi = {10.1021/acsnano.7b01807},
	Issn = {1936-086X},
	Journal = {ACS Nano},
	Number = 6,
	Pages = {5970--5981},
	Publisher = {American Chemical Society (ACS)},
	Title = {Chain Length Dependence of the Dielectric Constant and Polarizability in Conjugated Organic Thin Films},
	Url = {http://dx.doi.org/10.1021/acsnano.7b01807},
	Volume = 11,
	Year = 2017,
	Bdsk-Url-1 = {http://dx.doi.org/10.1021/acsnano.7b01807}}

@article{Kong14,
	Author = {Li, Wei and Birdwell, A. Glen and Amani, Matin and Burke, Robert A. and Ling, Xi and Lee, Yi-Hsien and Liang, Xuelei and Peng, Lianmao and Richter, Curt A. and Kong, Jing and Gundlach, David J. and Nguyen, N. V.},
	Date-Added = {2018-11-26 16:54:09 +0000},
	Date-Modified = {2018-11-26 16:54:30 +0000},
	Doi = {10.1103/PhysRevB.90.195434},
	Issue = {19},
	Journal = {Phys. Rev. B},
	Numpages = {8},
	Pages = {195434},
	Publisher = {American Physical Society},
	Title = {Broadband optical properties of large-area monolayer CVD molybdenum disulfide},
	Url = {https://link.aps.org/doi/10.1103/PhysRevB.90.195434},
	Volume = {90},
	Year = {2014},
	Bdsk-Url-1 = {https://link.aps.org/doi/10.1103/PhysRevB.90.195434},
	Bdsk-Url-2 = {https://doi.org/10.1103/PhysRevB.90.195434}}

@article{Chiang13,
	Abstract = {THz absorption and spectroscopic ellipsometry were used to investigate the charge dynamics and electronic structures of chemical-vapor-deposited monolayer MoS 2 films. THz conductivity displays a coherent response of itinerant charge carriers at zero frequency. Drude plasma frequency (∼7 THz) decreases with decreasing temperature while carrier relaxation time (∼26 fs) is almost temperature independent. The absorption spectrum of monolayer MoS 2 shows a direct 1.95 eV band gap and charge transfer excitations that are ∼0.2 eV higher than those of the bulk counterpart. The ground-state exciton binding energy is found to be about 0.48 eV.},
	Author = {Chih-Chiang Shen and Yu-Te Hsu and Lain-Jong Li and Hsiang-Lin Liu},
	Date-Added = {2018-11-26 16:50:55 +0000},
	Date-Modified = {2018-11-26 16:51:12 +0000},
	Journal = {Appl. Phys. Express},
	Number = {12},
	Pages = {125801},
	Title = {Charge Dynamics and Electronic Structures of Monolayer MoS 2 Films Grown by Chemical Vapor Deposition},
	Url = {http://stacks.iop.org/1882-0786/6/i=12/a=125801},
	Volume = {6},
	Year = {2013},
	Bdsk-Url-1 = {http://stacks.iop.org/1882-0786/6/i=12/a=125801}}

@article{Duesberg14,
	Author = {Yim,Chanyoung and O'Brien,Maria and McEvoy,Niall and Winters,Sin{\'e}ad and Mirza,Inam and Lunney,James G. and Duesberg,Georg S.},
	Date-Added = {2018-11-26 16:49:20 +0000},
	Date-Modified = {2018-11-26 16:49:38 +0000},
	Doi = {10.1063/1.4868108},
	Eprint = {https://doi.org/10.1063/1.4868108},
	Journal = {Appl. Phys. Lett.},
	Number = {10},
	Pages = {103114},
	Title = {Investigation of the optical properties of MoS$_{2}$ thin films using spectroscopic ellipsometry},
	Url = {https://doi.org/10.1063/1.4868108},
	Volume = {104},
	Year = {2014},
	Bdsk-Url-1 = {https://doi.org/10.1063/1.4868108}}

@article{graphene-epsilon10,
	Author = {Wurstbauer,Ulrich and R{\"o}ling,Christian and Wurstbauer,Ursula and Wegscheider,Werner and Vaupel,Matthias and Thiesen,Peter H. and Weiss,Dieter},
	Date-Added = {2018-11-26 16:46:16 +0000},
	Date-Modified = {2018-11-26 16:46:47 +0000},
	Doi = {10.1063/1.3524226},
	Eprint = {https://doi.org/10.1063/1.3524226},
	Journal = {Appl. Phys. Lett.},
	Number = {23},
	Pages = {231901},
	Title = {Imaging ellipsometry of graphene},
	Url = {https://doi.org/10.1063/1.3524226},
	Volume = {97},
	Year = {2010},
	Bdsk-Url-1 = {https://doi.org/10.1063/1.3524226}}

@article{Yoffe-Wilson69,
	Author = {J.A. Wilson and A.D. Yoffe},
	Date-Added = {2018-11-26 16:32:42 +0000},
	Date-Modified = {2018-11-26 16:33:32 +0000},
	Doi = {10.1080/00018736900101307},
	Eprint = {https://doi.org/10.1080/00018736900101307},
	Journal = {Adv. Phys.},
	Number = {73},
	Pages = {193-335},
	Publisher = {Taylor & Francis},
	Title = {The transition metal dichalcogenides discussion and interpretation of the observed optical, electrical and structural properties},
	Url = {https://doi.org/10.1080/00018736900101307},
	Volume = {18},
	Year = {1969},
	Bdsk-Url-1 = {https://doi.org/10.1080/00018736900101307}}

@article{Roch_2018,
	Author = {Roch, Jonas G. and Leisgang, Nadine and Froehlicher, Guillaume and Makk, Peter and Watanabe, Kenji and Taniguchi, Takashi and Sch{\"o}nenberger, Christian and Warburton, Richard J.},
	Doi = {10.1021/acs.nanolett.7b04553},
	Issn = {1530-6992},
	Journal = {Nano Lett.},
	Number = 2,
	Pages = {1070--1074},
	Publisher = {American Chemical Society (ACS)},
	Title = {Quantum-Confined Stark Effect in a MoS$_{2}$ Monolayer van der Waals Heterostructure},
	Url = {http://dx.doi.org/10.1021/acs.nanolett.7b04553},
	Volume = 18,
	Year = 2018,
	Bdsk-Url-1 = {http://dx.doi.org/10.1021/acs.nanolett.7b04553}}

@article{Klein_2016,
	Author = {Klein, J. and Wierzbowski, J. and Regler, A. and Becker, J. and Heimbach, F. and M{\"u}ller, K. and Kaniber, M. and Finley, J. J.},
	Doi = {10.1021/acs.nanolett.5b03954},
	Issn = {1530-6992},
	Journal = {Nano Lett.},
	Number = 3,
	Pages = {1554--1559},
	Publisher = {American Chemical Society (ACS)},
	Title = {Stark Effect Spectroscopy of Mono- and Few-Layer MoS$_{2}$},
	Url = {http://dx.doi.org/10.1021/acs.nanolett.5b03954},
	Volume = 16,
	Year = 2016,
	Bdsk-Url-1 = {http://dx.doi.org/10.1021/acs.nanolett.5b03954}}

@article{Pedersen_2016,
	Author = {Pedersen, Thomas Garm},
	Doi = {10.1103/physrevb.94.125424},
	Issn = {2469-9969},
	Journal = {Phys. Rev. B},
	Number = 12,
	Publisher = {American Physical Society (APS)},
	Title = {Exciton Stark shift and electroabsorption in monolayer transition-metal dichalcogenides},
	Url = {http://dx.doi.org/10.1103/PhysRevB.94.125424},
	Volume = 94,
	Year = 2016,
	Bdsk-Url-1 = {http://dx.doi.org/10.1103/PhysRevB.94.125424},
	Bdsk-Url-2 = {http://dx.doi.org/10.1103/physrevb.94.125424}}

@article{Aspnes_1982,
	Author = {Aspnes, D.E.},
	Doi = {10.1016/0040-6090(82)90590-9},
	Issn = {0040-6090},
	Journal = {Thin Solid Films},
	Number = 3,
	Pages = {249--262},
	Publisher = {Elsevier BV},
	Title = {Optical properties of thin films},
	Url = {http://dx.doi.org/10.1016/0040-6090(82)90590-9},
	Volume = 89,
	Year = 1982,
	Bdsk-Url-1 = {http://dx.doi.org/10.1016/0040-6090(82)90590-9}}

@article{Kumar_2016,
	Author = {Kumar, Piyush and Bhadoria, B. S. and Kumar, Sanjay and Bhowmick, Somnath and Chauhan, Yogesh Singh and Agarwal, Amit},
	Doi = {10.1103/physrevb.93.195428},
	Issn = {2469-9969},
	Journal = {Phys. Rev. B},
	Number = 19,
	Pages = {195428},
	Publisher = {American Physical Society (APS)},
	Title = {Thickness and electric-field-dependent polarizability and dielectric constant in phosphorene},
	Url = {http://dx.doi.org/10.1103/PhysRevB.93.195428},
	Volume = 93,
	Year = 2016,
	Bdsk-Url-1 = {http://dx.doi.org/10.1103/PhysRevB.93.195428},
	Bdsk-Url-2 = {http://dx.doi.org/10.1103/physrevb.93.195428}}

@article{Yu_2008,
	Author = {Yu, E. K. and Stewart, D. A. and Tiwari, S.},
	Doi = {10.1103/physrevb.77.195406},
	Issn = {1550-235X},
	Journal = {Phys. Rev. B},
	Number = 19,
	Pages = {195406},
	Publisher = {American Physical Society (APS)},
	Title = {Ab initiostudy of polarizability and induced charge densities in multilayer graphene films},
	Url = {http://dx.doi.org/10.1103/PhysRevB.77.195406},
	Volume = 77,
	Year = 2008,
	Bdsk-Url-1 = {http://dx.doi.org/10.1103/PhysRevB.77.195406},
	Bdsk-Url-2 = {http://dx.doi.org/10.1103/physrevb.77.195406}}

@article{Rozzi_2006,
	Author = {Rozzi, Carlo A. and Varsano, Daniele and Marini, Andrea and Gross, Eberhard K. U. and Rubio, Angel},
	Doi = {10.1103/physrevb.73.205119},
	Issn = {1550-235X},
	Journal = {Phys. Rev. B},
	Number = 20,
	Pages = {205119},
	Publisher = {American Physical Society (APS)},
	Title = {Exact Coulomb cutoff technique for supercell calculations},
	Url = {http://dx.doi.org/10.1103/PhysRevB.73.205119},
	Volume = 73,
	Year = 2006,
	Bdsk-Url-1 = {http://dx.doi.org/10.1103/PhysRevB.73.205119},
	Bdsk-Url-2 = {http://dx.doi.org/10.1103/physrevb.73.205119}}

@article{Sohier_2017,
	Author = {Sohier, Thibault and Gibertini, Marco and Calandra, Matteo and Mauri, Francesco and Marzari, Nicola},
	Doi = {10.1021/acs.nanolett.7b01090},
	Issn = {1530-6992},
	Journal = {Nano Lett.},
	Number = 6,
	Pages = {3758--3763},
	Publisher = {American Chemical Society (ACS)},
	Title = {Breakdown of Optical Phonons' Splitting in Two-Dimensional Materials},
	Url = {http://dx.doi.org/10.1021/acs.nanolett.7b01090},
	Volume = 17,
	Year = 2017,
	Bdsk-Url-1 = {http://dx.doi.org/10.1021/acs.nanolett.7b01090}}

@article{Sohier_2016,
	Author = {Sohier, Thibault and Calandra, Matteo and Mauri, Francesco},
	Doi = {10.1103/physrevb.94.085415},
	Issn = {2469-9969},
	Journal = {Phys. Rev. B},
	Month = {Aug},
	Number = 8,
	Pages = {085415},
	Publisher = {American Physical Society (APS)},
	Title = {Two-dimensional Fr{\"o}hlich interaction in transition-metal dichalcogenide monolayers: Theoretical modeling and first-principles calculations},
	Url = {http://dx.doi.org/10.1103/PhysRevB.94.085415},
	Volume = 94,
	Year = 2016,
	Bdsk-Url-1 = {http://dx.doi.org/10.1103/PhysRevB.94.085415},
	Bdsk-Url-2 = {http://dx.doi.org/10.1103/physrevb.94.085415}}

@article{Tancogne_Dejean_2015,
	Author = {Tancogne-Dejean, Nicolas and Giorgetti, Christine and V{\'e}niard, Val{\'e}rie},
	Doi = {10.1103/physrevb.92.245308},
	Issn = {1550-235X},
	Journal = {Phys. Rev. B},
	Month = {Dec},
	Number = 24,
	Pages = {245308},
	Publisher = {American Physical Society (APS)},
	Title = {Optical properties of surfaces with supercellab initiocalculations: Local-field effects},
	Url = {http://dx.doi.org/10.1103/PhysRevB.92.245308},
	Volume = 92,
	Year = 2015,
	Bdsk-Url-1 = {http://dx.doi.org/10.1103/PhysRevB.92.245308},
	Bdsk-Url-2 = {http://dx.doi.org/10.1103/physrevb.92.245308}}

@article{Mounet_2018,
	Author = {Mounet, Nicolas and Gibertaini, Marco and Schwaller, Philippe and Campi, Davide and Merkys, Andrius and Marrazzo, Antimo and Sohier, Thibault and Castelli, Ivano Eligio and Cepellotti, Andrea and Pizzi, Giovanni and et al.},
	Doi = {10.1038/s41565-017-0035-5},
	Issn = {1748-3395},
	Journal = {Nat. Nanotechnol.},
	Month = {Feb},
	Number = 3,
	Pages = {246--252},
	Publisher = {Springer Nature},
	Title = {Two-dimensional materials from high-throughput computational exfoliation of experimentally known compounds},
	Url = {http://dx.doi.org/10.1038/s41565-017-0035-5},
	Volume = 13,
	Year = 2018,
	Bdsk-Url-1 = {http://dx.doi.org/10.1038/s41565-017-0035-5}}

@book{palik_1998handbook,
	Editor = {Palik, Edward D},
	Publisher = {Academic Press},
	Title = {Handbook of optical constants of solids},
	Year = {1998}}

@article{Li_2016,
	Author = {Li, Song-Lin and Tsukagoshi, Kazuhito and Orgiu, Emanuele and Samor{\`\i}, Paolo},
	Doi = {10.1039/c5cs00517e},
	Issn = {1460-4744},
	Journal = {Chem. Soc. Rev.},
	Number = 1,
	Pages = {118--151},
	Publisher = {Royal Society of Chemistry (RSC)},
	Title = {Charge transport and mobility engineering in two-dimensional transition metal chalcogenide semiconductors},
	Url = {http://dx.doi.org/10.1039/C5CS00517E},
	Volume = 45,
	Year = 2016,
	Bdsk-Url-1 = {http://dx.doi.org/10.1039/C5CS00517E},
	Bdsk-Url-2 = {http://dx.doi.org/10.1039/c5cs00517e}}

@article{Meckbach_2018,
	Author = {Meckbach, L. and Stroucken, T. and Koch, S. W.},
	Doi = {10.1103/physrevb.97.035425},
	Issn = {2469-9969},
	Journal = {Phys. Rev. B},
	Number = 3,
	Pages = 035425,
	Publisher = {American Physical Society (APS)},
	Title = {Influence of the effective layer thickness on the ground-state and excitonic properties of transition-metal dichalcogenide systems},
	Url = {http://dx.doi.org/10.1103/PhysRevB.97.035425},
	Volume = 97,
	Year = 2018,
	Bdsk-Url-1 = {http://dx.doi.org/10.1103/PhysRevB.97.035425},
	Bdsk-Url-2 = {http://dx.doi.org/10.1103/physrevb.97.035425}}

@article{Tan_2012,
	Author = {Tan, P. H. and Han, W. P. and Zhao, W. J. and Wu, Z. H. and Chang, K. and Wang, H. and Wang, Y. F. and Bonini, N. and Marzari, N. and Pugno, N. and et al.},
	Doi = {10.1038/nmat3245},
	Issn = {1476-4660},
	Journal = {Nat. Mater.},
	Month = {Feb},
	Number = 4,
	Pages = {294--300},
	Publisher = {Springer Nature},
	Title = {The shear mode of multilayer graphene},
	Url = {http://dx.doi.org/10.1038/nmat3245},
	Volume = 11,
	Year = 2012,
	Bdsk-Url-1 = {http://dx.doi.org/10.1038/nmat3245}}

@article{Zhang_2013,
	Author = {Zhang, X. and Han, W. P. and Wu, J. B. and Milana, S. and Lu, Y. and Li, Q. Q. and Ferrari, A. C. and Tan, P. H.},
	Doi = {10.1103/physrevb.87.115413},
	Journal = {Phys. Rev. B},
	Month = {Mar},
	Number = 11,
	Pages = {115413},
	Publisher = {American Physical Society (APS)},
	Title = {Raman spectroscopy of shear and layer breathing modes in multilayer MoS2},
	Url = {http://dx.doi.org/10.1103/PhysRevB.87.115413},
	Volume = 87,
	Year = 2013,
	Bdsk-Url-1 = {http://dx.doi.org/10.1103/PhysRevB.87.115413},
	Bdsk-Url-2 = {http://dx.doi.org/10.1103/physrevb.87.115413}}

@article{Hedin_1965,
	Author = {Hedin, Lars},
	Doi = {10.1103/physrev.139.a796},
	Issn = {0031-899X},
	Journal = {Phys. Rev.},
	Number = {3A},
	Pages = {A796--A823},
	Publisher = {American Physical Society (APS)},
	Title = {New Method for Calculating the One-Particle Green's Function with Application to the Electron-Gas Problem},
	Url = {http://dx.doi.org/10.1103/PhysRev.139.A796},
	Volume = 139,
	Year = 1965,
	Bdsk-Url-1 = {http://dx.doi.org/10.1103/PhysRev.139.A796},
	Bdsk-Url-2 = {http://dx.doi.org/10.1103/physrev.139.a796}}

@article{Onida_2002,
	Author = {Onida, Giovanni and Reining, Lucia and Rubio, Angel},
	Doi = {10.1103/revmodphys.74.601},
	Issn = {1539-0756},
	Journal = {Rev. Mod. Phys.},
	Month = {Jun},
	Number = 2,
	Pages = {601--659},
	Publisher = {American Physical Society (APS)},
	Title = {Electronic excitations: density-functional versus many-body Green's-function approaches},
	Url = {http://dx.doi.org/10.1103/RevModPhys.74.601},
	Volume = 74,
	Year = 2002,
	Bdsk-Url-1 = {http://dx.doi.org/10.1103/RevModPhys.74.601},
	Bdsk-Url-2 = {http://dx.doi.org/10.1103/revmodphys.74.601}}
